%% Created using Papers on Tue, 22 Aug 2017.
%% http://papersapp.com/papers/

@article{Paulsen:2015bp,
author = {Paulsen, Candice E and Armache, Jean-Paul and Gao, Yuan and Cheng, Yifan and Julius, David},
title = {{Structure of the TRPA1 ion channel suggests regulatory mechanisms}},
journal = {Nature},
year = {2015},
month = apr
}

@article{Grieben:2016ij,
author = {Grieben, Mariana and Pike, Ashley C W and Shintre, Chitra A and Venturi, Elisa and El-Ajouz, Sam and Tessitore, Annamaria and Shrestha, Leela and Mukhopadhyay, Shubhashish and Mahajan, Pravin and Chalk, Rod and Burgess-Brown, Nicola A and Sitsapesan, Rebecca and Huiskonen, Juha T and Carpenter, Elisabeth P},
title = {{Structure of the polycystic kidney disease TRP channel Polycystin-2 (PC2)}},
journal = {Nat. Struct. Mol. Biol.},
year = {2016},
volume = {24},
number = {2},
pages = {114--122},
month = dec
}

@article{Venable:2013ix,
author = {Venable, Richard M and Luo, Yun and Gawrisch, Klaus and Roux, Benoit and Pastor, Richard W},
title = {{Simulations of Anionic Lipid Membranes: Development of Interaction-Specific Ion Parameters and Validation Using NMR Data}},
journal = {J. Phys. Chem. B},
year = {2013},
volume = {117},
number = {35},
pages = {10183--10192},
month = sep
}

@incollection{Payandeh:2018bb,
author = {Payandeh, Jian and Hackos, David H},
title = {{Selective Ligands and Drug Discovery Targeting the Voltage-Gated Sodium Channel Nav1.7}},
booktitle = {Voltage-gated Sodium Channels: Structure, Function and Channelopathies},
year = {2018},
pages = {271--306},
publisher = {Springer International Publishing},
address = {Cham},
month = mar
}

@article{Berger:1997bc,
author = {Berger, O and Edholm, O and J{\"a}hnig, F},
title = {{Molecular dynamics simulations of a fluid bilayer of dipalmitoylphosphatidylcholine at full hydration, constant pressure, and constant temperature.}},
journal = {Biophys. J.},
year = {1997},
volume = {72},
number = {5},
pages = {2002--2013},
month = may
}

@article{Klauda:2010tn,
author = {Klauda, J B and Venable, R M and Freites, J A},
title = {{Update of the CHARMM All-Atom Additive Force Field for Lipids: Validation on Six Lipid Types}},
journal = {J. Phys. Chem. B},
year = {2010},
volume = {114},
pages = {7830--7843}
}

@article{Oelstrom:2014ky,
author = {Oelstrom, Kevin and Goldschen-Ohm, Marcel P and Holmgren, Miguel and Chanda, Baron},
title = {{Evolutionarily conserved intracellular gate of voltage-dependent sodium channels}},
journal = {Nat. Commun.},
year = {2014},
volume = {5},
pages = {1--9},
month = mar
}

%% Created using Papers on Fri, 29 Jun 2018.
%% http://papersapp.com/papers/

@article{Nose:1983cu,
author = {Nos{\'e}, Shuichi and Klein, M L},
title = {{Constant pressure molecular dynamics for molecular systems}},
journal = {Mol. Phys.},
year = {1983},
volume = {50},
number = {5},
pages = {1055--1076},
month = aug
}

@article{Nose:1984wa,
author = {Nos{\'e}, Shuichi},
title = {{A Unified Formulation of the Constant Temperature Molecular-Dynamics Methods}},
journal = {J. Chem. Phys.},
year = {1984},
volume = {81},
number = {1},
pages = {511--519}
}

@article{Nose:1984em,
author = {Nos{\'e}, Shuichi},
title = {{A molecular dynamics method for simulations in the canonical ensemble}},
journal = {Mol. Phys.},
year = {1984},
volume = {52},
number = {2},
pages = {255--268},
month = aug
}

@article{Best:2012uu,
author = {Best, Robert B and Zhu, Xiao and Shim, Jihyun and Lopes, Pedro EM and Mittal, Jeetain and Feig, Michael and MacKerell Jr., Alexander D},
title = {{Optimization of the Additive CHARMM All-Atom Protein Force Field Targeting Improved Sampling of the Backbone $\phi$, $\psi$ and Side-Chain $\chi$1 and $\chi$2 Dihedral Angles}},
journal = {J. Chem. Theory Comput.},
year = {2012},
volume = {8},
number = {9},
pages = {3257--3273}
}

@article{Best:2012kb,
author = {Best, Robert B and Mittal, Jeetain and Feig, Michael and MacKerell Jr., Alexander D},
title = {{Inclusion of Many-Body Effects in the Additive CHARMM Protein CMAP Potential Results in Enhanced Cooperativity of {\&}alpha;-Helix and {\&}beta;-Hairpin Formation}},
journal = {Biophys. J.},
year = {2012},
volume = {103},
number = {5},
pages = {1045--1051},
month = sep
}

@article{DeCaen:2011ij,
author = {DeCaen, Paul G and Yarov-Yarovoy, Vladimir and Scheuer, Todd and Catterall, William A},
title = {{Gating charge interactions with the S1 segment during activation of a Na+ channel voltage sensor.}},
journal = {Proc. Natl. Acad. Sci. U. S. A.},
year = {2011},
volume = {108},
number = {46},
pages = {18825--18830},
month = nov
}

@article{DeCaen:2009hc,
author = {DeCaen, Paul G and Yarov-Yarovoy, Vladimir and Sharp, Elizabeth M and Scheuer, Todd and Catterall, William A},
title = {{Sequential formation of ion pairs during activation of a sodium channel voltage sensor.}},
journal = {Proc. Natl. Acad. Sci. U. S. A.},
year = {2009},
volume = {106},
number = {52},
pages = {22498--22503},
month = dec
}

@article{DeCaen:2008eq,
author = {DeCaen, P G and Yarov-Yarovoy, V and Zhao, Y and Scheuer, T and Catterall, W A},
title = {{Disulfide locking a sodium channel voltage sensor reveals ion pair formation during activation}},
journal = {Proc. Natl. Acad. Sci. U. S. A.},
year = {2008},
volume = {105},
number = {39},
pages = {15142--15147},
month = sep
}

@article{Lenaeus:2017bf,
author = {Lenaeus, Michael and El-Din, Tamer M Gamal and Ramanadane, Karthik and Zheng, Ning and Catterall, William A},
title = {{Open and Closed States of the NaVAb Activation Gate}},
journal = {Biophysical Journal},
year = {2017},
volume = {112},
number = {3},
pages = {104a}
}

@article{Ragsdale:1996vm,
author = {Ragsdale, D S and McPhee, J C and Scheuer, T and Catterall, W A},
title = {{Common molecular determinants of local anesthetic, antiarrhythmic, and anticonvulsant block of voltage-gated Na+ channels.}},
journal = {Proc. Natl. Acad. Sci. U. S. A.},
year = {1996},
volume = {93},
number = {17},
pages = {9270--9275},
month = aug
}

@article{Zhao:2004vo,
author = {Zhao, Yong and Yarov-Yarovoy, Vladimir and Scheuer, Todd and Catterall, William A},
title = {{A gating hinge in Na+ channels; a molecular switch for electrical signaling.}},
journal = {Neuron},
year = {2004},
volume = {41},
number = {6},
pages = {859--865},
month = mar
}


@article{Ragsdale:1994wz,
author = {Ragsdale, D S and McPhee, J C and Scheuer, T and Catterall, W A},
title = {{Molecular determinants of state-dependent block of Na+ channels by local anesthetics.}},
journal = {Science},
year = {1994},
volume = {265},
number = {5179},
pages = {1724--1728},
month = sep
}

@article{Shafrir:2008ic,
author = {Shafrir, Yinon and Durell, Stewart R and Guy, H Robert},
title = {{Models of the structure and gating mechanisms of the pore domain of the NaChBac ion channel.}},
journal = {Biophys. J.},
year = {2008},
volume = {95},
number = {8},
pages = {3650--3662},
month = oct
}

@article{Bezanilla:2000gg,
author = {Bezanilla, F},
title = {{The voltage sensor in voltage-dependent ion channels.}},
journal = {Physiol. Rev.},
year = {2000},
volume = {80},
number = {2},
pages = {555--592},
month = apr
}


@article{Hornak:2006gx,
author = {Hornak, Viktor and Abel, Robert and Okur, Asim and Strockbine, Bentley and Roitberg, Adrian and Simmerling, Carlos},
title = {{Comparison of multiple Amber force fields and development of improved protein backbone parameters}},
journal = {Proteins},
year = {2006},
volume = {65},
number = {3},
pages = {712--725},
month = nov
}

@article{Chen:2014uk,
author = {Chen, R and Robinson, A and Chung, S H},
title = {{Mechanism of $\mu$-Conotoxin PIIIA Binding to the Voltage-Gated Na Channel Na V 1.4}},
journal = {PLos One},
year = {2014},
volume = {9},
number = {3},
pages = {e93267}
}

@article{Wilman:2014fk,
author = {Wilman, Henry R and Shi, Jiye and Deane, Charlotte M},
title = {{Helix kinks are equally prevalent in soluble and membrane proteins.}},
journal = {Proteins},
year = {2014},
volume = {82},
number = {9},
pages = {1960--1970},
month = sep
}

@article{Aqvist:1990ud,
author = {{\AA}qvist, Johan},
title = {{Ion-water interaction potentials derived from free energy perturbation simulations}},
journal = {J. Phys. Chem.},
year = {1990},
volume = {94},
number = {21},
pages = {8021--8024}
}

@article{Joung:2008bp,
author = {Joung, In Suk and Cheatham, Thomas E},
title = {{Determination of Alkali and Halide Monovalent Ion Parameters for Use in Explicitly Solvated Biomolecular Simulations}},
journal = {J. Phys. Chem. B},
year = {2008},
volume = {112},
number = {30},
pages = {9020--9041},
month = jul
}

@article{Aryal:2015ge,
author = {Aryal, Prafulla and Sansom, Mark S P and Tucker, Stephen J},
title = {{Hydrophobic Gating in Ion Channels}},
journal = {J. Mol. Bio.},
year = {2015},
volume = {427},
number = {1},
pages = {121--130},
month = jan
}

@article{Lundback:1996fd,
author = {Lundb{\"a}ck, Thomas and H{\"a}rd, Torleif},
title = {{Salt Dependence of the Free Energy, Enthalpy, and Entropy of Nonsequence Specific DNA Binding}},
journal = {J. Phys. Chem.},
year = {1996},
volume = {100},
number = {44},
pages = {17690--17695},
month = jan,
annote = {doi: 10.1021/jp9614613}
}

@article{Hribar:2002hq,
author = {Hribar, Barbara and Southall, Noel T and Vlachy, Vojko and Dill, Ken A},
title = {{How Ions Affect the Structure of Water}},
journal = {J. Am. Chem. Soc.},
year = {2002},
volume = {124},
number = {41},
pages = {12302--12311},
month = oct,
annote = {doi: 10.1021/ja026014h}
}

@article{Baldwin:1996to,
author = {Baldwin, R L},
title = {{How Hofmeister ion interactions affect protein stability}},
journal = {Biophys. J.},
year = {1996},
volume = {71},
number = {4},
pages = {2056--2063}
}

@article{Zhu:2012ch,
author = {Zhu, Fangqiang and Hummer, Gerhard},
title = {{Drying Transition in the Hydrophobic Gate of the GLIC Channel Blocks Ion Conduction}},
journal = {Biophys. J.},
year = {2012},
volume = {103},
number = {2},
pages = {219--227},
month = jul
}

@article{Neale:2015ee,
author = {Neale, Chris and Chakrabarti, Nilmadhab and Pomorski, Pawel and Pai, Emil F and Pom{\`e}s, R{\'e}gis},
title = {{Hydrophobic Gating of Ion Permeation in Magnesium Channel CorA.}},
journal = {PLoS Comput Biol},
year = {2015},
volume = {11},
number = {7},
pages = {e1004303},
month = jul
}

@article{Beglov:1994ip,
author = {Beglov, Dmitrii and Roux, Benoit},
title = {{Finite representation of an infinite bulk system: Solvent boundary potential for computer simulations}},
journal = {J. Chem. Phys.},
year = {1994},
volume = {100},
number = {12},
pages = {9050}
}

@article{Rauscher:2015jn,
author = {Rauscher, Sarah and Gapsys, Vytautas and Gajda, Michal J and Zweckstetter, Markus and de Groot, Bert L and Grubm{\"u}ller, Helmut},
title = {{Structural Ensembles of Intrinsically Disordered Proteins Depend Strongly on Force Field: A Comparison to Experiment}},
journal = {J. Chem. Theory Comput.},
year = {2015},
volume = {11},
number = {11},
pages = {5513--5524},
month = nov
}

@article{Neale:2011jt,
author = {Neale, Chris and Bennett, W F Drew and Tieleman, D Peter and Pom{\`e}s, R{\'e}gis},
title = {{Statistical Convergence of Equilibrium Properties in Simulations of Molecular Solutes Embedded in Lipid Bilayers}},
journal = {J. Chem. Theory Comput.},
year = {2011},
volume = {7},
number = {12},
pages = {4175--4188},
month = dec
}

@article{Neale:2013fw,
author = {Neale, Chris and Madill, Chris and Rauscher, Sarah and Pom{\`e}s, R{\'e}gis},
title = {{Accelerating Convergence in Molecular Dynamics Simulations of Solutes in Lipid Membranes by Conducting a Random Walk along the Bilayer Normal}},
journal = {J. Chem. Theory Comput.},
year = {2013},
volume = {9},
number = {8},
pages = {3686--3703},
month = aug
}

@article{Huang:2014ia,
author = {Huang, Jing and Lopes, Pedro E M and Roux, Benoit and MacKerell, Alexander D},
title = {{Recent Advances in Polarizable Force Fields for Macromolecules: Microsecond Simulations of Proteins Using the Classical Drude Oscillator Model}},
journal = {J. Phys. Chem. Lett.},
year = {2014},
volume = {5},
number = {18},
pages = {3144--3150},
month = sep
}



@article{Torrie:1974hs,
author = {Torrie, Glenn M and Valleau, John P},
title = {{Monte Carlo free energy estimates using non-Boltzmann sampling: Application to the sub-critical Lennard-Jones fluid}},
journal = {Chem. Phys. Lett.},
year = {1974},
volume = {28},
number = {4},
pages = {578--581},
month = oct
}

@article{Laio:2008iw,
author = {Laio, Alessandro and Gervasio, Francesco L},
title = {{Metadynamics: a method to simulate rare events and reconstruct the free energy in biophysics, chemistry and material science}},
journal = {Rep. Prog. Phys.},
year = {2008},
volume = {71},
number = {12},
pages = {126601},
month = nov
}

@article{Laio:2002ft,
author = {Laio, A and Parrinello, M},
title = {{Escaping free-energy minima}},
journal = {Proc. Natl. Acad. Sci. U. S. A.},
year = {2002},
volume = {99},
number = {20},
pages = {12562--12566},
month = sep
}

@article{Parrinello:1980uc,
author = {Parrinello, M and Rahman, A},
title = {{Crystal structure and pair potentials: A molecular-dynamics study}},
year = {1980},
volume = {45},
number = {14},
pages = {1196--1199}
}

@article{Jarzynski:1997uj,
author = {Jarzynski, C},
title = {{Nonequilibrium Equality for Free Energy Differences}},
year = {1997},
volume = {78},
number = {14},
pages = {2690--2693},
month = apr
}

@article{Fowler:2013bb,
author = {Fowler, Philip W and Abad, Enrique and Beckstein, Oliver and Sansom, Mark S P},
title = {{Energetics of Multi-Ion Conduction Pathways in Potassium Ion Channels}},
journal = {J. Chem. Theory Comput.},
year = {2013},
volume = {9},
number = {11},
pages = {5176--5189},
month = nov
}

@article{Crouzy:1994eg,
author = {Crouzy, S and Woolf, T B and Roux, Benoit},
title = {{A molecular dynamics study of gating in dioxolane-linked gramicidin A channels}},
journal = {Biophys. J.},
year = {1994},
volume = {67},
number = {4},
pages = {1370--1386},
month = oct
}

@article{Carnevale:2011kp,
author = {Carnevale, Vincenzo and Treptow, Werner and Klein, Michael L},
title = {{Sodium Ion Binding Sites and Hydration in the Lumen of a Bacterial Ion Channel from Molecular Dynamics Simulations}},
journal = {J. Phys. Chem. Lett.},
year = {2011},
volume = {2},
number = {19},
pages = {2504--2508},
month = oct
}

@article{10.3389/fphar.2011.00071,
author = {Stevens, Marijke and Peigneur, Steve and Tytgat, Jan},
title = {{Neurotoxins and Their Binding Areas on Voltage-Gated Sodium Channels}},
journal = {Front Pharmacol},
year = {2011},
volume = {2},
pages = {71}
}

@article{Pennington:2018ud,
author = {Pennington, Michael W and Czerwinski, Andrzej and Norton, Raymond S},
title = {{Peptide therapeutics from venom: Current status and potential}},
journal = {Peptide Therapeutics},
year = {2018},
volume = {26},
number = {10},
pages = {2738--2758}
}

@article{Ngo:2012kl,
author = {Ngo, Van A},
title = {{Parallel-pulling protocol for free-energy evaluation}},
journal = {Phys. Rev. E},
year = {2012},
volume = {85},
number = {3},
pages = {036702},
month = mar
}

@incollection{Glusker:1991ux,
author = {Glusker, Jenny P},
title = {{Structural Aspects of Metal Liganding to Functional Groups in Proteins}},
booktitle = {Metalloproteins: Structural Aspects},
year = {1991},
editor = {Anfinsen, C B and Edsall, John T and Richards, Frederic M and Eisenberg, David S},
pages = {1--76},
publisher = {Academic Press}
}

@article{Ngo:2015ki,
author = {Ngo, Van and da Silva, Mauricio C and Kubillus, Maximilian and Li, Hui and Roux, Benoit and Elstner, Marcus and Cui, Qiang and Salahub, Dennis R and Noskov, Sergei Yu},
title = {{Quantum Effects in Cation Interactions with First and Second Coordination Shell Ligands in Metalloproteins}},
journal = {J. Chem. Theory Comput.},
year = {2015},
volume = {11},
number = {10},
pages = {4992--5001},
month = oct
}

@article{Guidoni:1999ba,
author = {Guidoni, L and Torre, V and Carloni, P},
title = {{Potassium and sodium binding to the outer mouth of the K+ channel.}},
journal = {Biochemistry},
year = {1999},
volume = {38},
number = {27},
pages = {8599--8604},
month = jul
}

@article{Bucher:2009ef,
author = {Bucher, Denis and Guidoni, Leonardo and Maurer, Patrick and Rothlisberger, Ursula},
title = {{Developing Improved Charge Sets for the Modeling of the KcsA K +Channel Using QM/MM Electrostatic Potentials}},
journal = {J. Chem. Theory Comput.},
year = {2009},
volume = {5},
number = {8},
pages = {2173--2179},
month = aug
}

@article{Allen:2006jw,
author = {Allen, Toby W and Andersen, Olaf S and Roux, Benoit},
title = {{Ion Permeation through a Narrow Channel: Using Gramicidin to Ascertain All-Atom Molecular Dynamics Potential of Mean Force Methodology and Biomolecular Force Fields}},
journal = {Biophys. J.},
year = {2006},
volume = {90},
number = {10},
pages = {3447--3468},
month = may
}

@article{Muroi:2010do,
author = {Muroi, Yukiko and Arcisio-Miranda, Manoel and Chowdhury, Sandipan and Chanda, Baron},
title = {{Molecular determinants of coupling between the domain III voltage sensor and pore of a sodium channel}},
journal = {Nat. Struct. Mol. Biol.},
year = {2010},
volume = {17},
number = {2},
pages = {230--237},
month = jan
}

@article{Bagal:2015ega,
author = {Bagal, Sharan K and Marron, Brian E and Owen, Robert M and Storer, R Ian and Swain, Nigel A},
title = {{Voltage gated sodium channels as drug discovery targets}},
journal = {Channels},
year = {2015},
volume = {9},
number = {6},
pages = {360--366},
month = jul,
annote = {doi: 10.1080/19336950.2015.1079674}
}

@article{Blunck:2012fj,
author = {Blunck, Rikard and Batulan, Zarah},
title = {{Mechanism of Electromechanical Coupling in Voltage-Gated Potassium Channels}},
journal = {Front Pharmacol},
year = {2012},
volume = {3},
pages = {166}
}

@article{Fozzard:2011tb,
author = {Fozzard, Harry A and Sheets, Michael F and Hanck, Dorothy A},
title = {{The Sodium Channel as a Target for Local Anesthetic Drugs}},
journal = {Front Pharmacol},
year = {2011},
volume = {2},
pages = {68}
}

@article{Treptow:2006gl,
author = {Treptow, Werner and Tarek, Mounir},
title = {{Environment of the Gating Charges in the Kv1.2 Shaker Potassium Channel}},
journal = {Biophys. J.},
year = {2006},
volume = {90},
number = {9},
pages = {L64--L66},
month = may
}

@article{Khan:2006em,
author = {Khan, A and Kyle, J W and Hanck, D A and Lipkind, G M and Fozzard, H A},
title = {{Isoform-dependent interaction of voltage-gated sodium channels with protons}},
journal = {J. Physiol.},
year = {2006},
volume = {576},
number = {2},
pages = {493--501},
month = oct
}

@article{Baker:1999tj,
author = {Baker, M D and Bostock, H},
title = {{The pH dependence of late sodium current in large sensory neurons}},
journal = {Neuroscience},
year = {1999},
volume = {92},
number = {3},
pages = {1119--1130}
}

@article{LeMasurier:2001ts,
author = {LeMasurier, Meredith and Heginbotham, Lise and Miller, Christopher},
title = {{Kcsa It's a Potassium Channel}},
journal = {J. Gen. Physiol.},
year = {2001},
volume = {118},
number = {3},
pages = {303--314}
}

@article{MacKerellJr:2004dv,
author = {MacKerell Jr., Alexander D and Feig, Michael and Brooks III, Charles L},
title = {{Extending the treatment of backbone energetics in protein force fields: Limitations of gas-phase quantum mechanics in reproducing protein conformational distributions in molecular dynamics simulations}},
journal = {J. Comp. Chem.},
year = {2004},
volume = {25},
number = {11},
pages = {1400--1415},
month = aug
}


@article{Santos:2012gg,
author = {Santos, J S and Asmar-Rovira, G A and Han, G W and Liu, W and Syeda, R and Cherezov, V and Baker, K A and Stevens, R C and Montal, M},
title = {{Crystal Structure of a Voltage-gated K+ Channel Pore Module in a Closed State in Lipid Membranes}},
journal = {J. Biol. Chem.},
year = {2012},
volume = {287},
number = {51},
pages = {43063--43070},
month = dec
}

@article{Vargas:2012ek,
author = {Vargas, E and Yarov-Yarovoy, V and Khalili-Araghi, F and Catterall, W A and Klein, M L and Tarek, M and Lindahl, E and Schulten, K and Perozo, E and Bezanilla, F and Roux, Benoit},
title = {{An emerging consensus on voltage-dependent gating from computational modeling and molecular dynamics simulations}},
journal = {J. Gen. Physiol.},
year = {2012},
volume = {140},
number = {6},
pages = {587--594},
month = nov
}

@article{Tatulian:2013hy,
author = {Tatulian, Suren A},
title = {{Structural characterization of membrane proteins and peptides by FTIR and ATR-FTIR spectroscopy.}},
journal = {Methods Mol. Biol.},
year = {2013},
volume = {974},
number = {Chapter 9},
pages = {177--218}
}

@article{Noskov:2006fd,
author = {Noskov, Sergei Yu and Roux, Benoit},
title = {{Ion selectivity in potassium channels}},
journal = {Biophysical Chemistry},
year = {2006},
volume = {124},
number = {3},
pages = {279--291},
month = dec
}

@article{Maguire:2002wu,
author = {Maguire, Michael E and Cowan, James A},
title = {{Magnesium chemistry and biochemistry}},
journal = {Biometals},
year = {2002},
volume = {15},
number = {3},
pages = {203--210}
}

@article{Miles:2016ks,
author = {Miles, A J and Wallace, B A},
title = {{Circular dichroism spectroscopy of membrane proteins}},
journal = {Chem. Soc. Rev.},
year = {2016},
volume = {45},
number = {18},
pages = {4859--4872}
}

@article{Boiteux:2014ut,
author = {Boiteux, C{\'e}line and Vorobyov, Igor and Allen, Toby W},
title = {{Ion conduction and conformational flexibility of a bacterial voltage-gated sodium channel}},
journal = {Proc. Natl. Acad. Sci. U. S. A.},
year = {2014},
volume = {111},
number = {9},
pages = {3454--3459},
month = mar
}

@article{OReilly:2017ur,
author = {O{\textquoteright}Reilly, Andrias O and Lattrell, Anja and Miles, Andrew J and Klinger, Alexandra B and Nau, Carla and Wallace, B A and Lampert, Angelika},
title = {{Mutagenesis of the NaChBac sodium channel discloses a functional role for a conserved S6 asparagine}},
journal = {European Biophysics Journal},
year = {2017},
volume = {46},
number = {7},
pages = {665--674}
}

@article{Corry:2013hg,
author = {Corry, Ben},
title = {{Na+/Ca2+ selectivity in the bacterial voltage-gated sodium channel NavAb}},
journal = {PeerJ},
year = {2013},
volume = {1},
number = {6},
pages = {e16},
annote = {The mechanism of Ca2+ selectivity over Na+ is attributed to the higher energetic cost of water removal which is not compensated for by channel ligands at the barrier between the Glu and Leu/Thr sites. Multi-ion potential of mean force calculations suggest a knock-on mechanism for both Na+ and Ca2+ simulated separately. In mixed cation PMF calculations, it was found that the presence of Na+ did not increase Ca2+ conduction, and Na+ was found to pass bound Ca2+ions.}
}

@book{Ashcroft:2000ts,
author = {Ashcroft, Frances M},
title = {{Ion Channel Diseases}},
publisher = {Academic Press},
year = {2000},
month = sep
}

@book{Jensen:2007wr,
author = {Jensen, Frank},
title = {{Introduction to computational chemistry}},
publisher = {Wiley},
year = {2007}
}

@article{Shaya:2011ih,
author = {Shaya, David and Kreir, Mohamed and Robbins, Rebecca A and Wong, Stephanie and Hammon, Justus and Br{\"u}ggemann, Andrea and Minor, Daniel L},
title = {{Voltage-gated sodium channel (NaV) protein dissection creates a set of functional pore-only proteins}},
journal = {Proc. Natl. Acad. Sci. U. S. A.},
year = {2011},
volume = {108},
number = {30},
pages = {12313--12318}
}

@article{Doyle:1998wq,
author = {Doyle, D A and Morais Cabral, J and Pfuetzner, R A and Kuo, A and Gulbis, J M and Cohen, S L and Chait, B T and MacKinnon, R},
title = {{The structure of the potassium channel: molecular basis of K+ conduction and selectivity.}},
journal = {Science},
year = {1998},
volume = {280},
number = {5360},
pages = {69--77},
month = apr
}

@article{Schopf:2006cx,
author = {Schopf, J William},
title = {{Fossil evidence of Archaean life.}},
journal = {Philos. Trans. R. Soc. Lond., B, Biol. Sci.},
year = {2006},
volume = {361},
number = {1470},
pages = {869--885},
month = jun
}

@article{Dror:2010gy,
author = {Dror, R O and Jensen, M O and Borhani, D W and Shaw, D E},
title = {{Perspectives on: Molecular dynamics and computational methods: Exploring atomic resolution physiology on a femtosecond to millisecond timescale using molecular dynamics simulations}},
journal = {J. Gen. Physiol.},
year = {2010},
volume = {135},
number = {6},
pages = {555--562},
month = may
}

@article{Liu:2013hf,
author = {Liu, Shian and Lockless, Steve W},
title = {{Equilibrium selectivity alone does not create K+-selective ion conduction in K+ channels}},
journal = {Nat. Commun.},
year = {2013},
volume = {4},
number = {2746},
pages = {1--7}
}

@article{Bostick:2007gk,
author = {Bostick, David L and Brooks, Charles L},
title = {{Selectivity in K+ channels is due to topological control of the permeant ion's coordinated state}},
journal = {Proc. Natl. Acad. Sci. U. S. A.},
year = {2007},
volume = {104},
number = {22},
pages = {9260--9265},
month = may
}

@article{Bostick:2010bm,
author = {Bostick, David L and Brooks III, Charles L},
title = {{Selective Complexation of K+ and Na+ in Simple Polarizable Ion-Ligating Systems}},
journal = {J. Am. Chem. Soc.},
year = {2010},
volume = {132},
number = {38},
pages = {13185--13187},
month = sep
}

@article{Sauer:2011ky,
author = {Sauer, D B and Zeng, W and Raghunathan, S and Jiang, Y},
title = {{Protein interactions central to stabilizing the K+ channel selectivity filter in a four-sited configuration for selective K+ permeation}},
journal = {Proc. Natl. Acad. Sci. U. S. A.},
year = {2011},
volume = {108},
number = {40},
pages = {16634--16639},
month = oct
}

@article{Berneche:2002hr,
author = {Bern{\`e}che, Simon and Roux, Benoit},
title = {{The ionization state and the conformation of Glu-71 in the KcsA K(+) channel.}},
journal = {Biophys. J.},
year = {2002},
volume = {82},
number = {2},
pages = {772--780},
month = feb
}

@article{Dudev:2014ci,
author = {Dudev, Todor and Lim, Carmay},
title = {{Ion Selectivity Strategies of Sodium Channel Selectivity Filters}},
journal = {Acc. Chem. Res.},
year = {2014},
pages = {141024135714002},
month = oct
}

@article{Harpole:2014gu,
author = {Harpole, T J and Grosman, C},
title = {{Side-chain conformation at the selectivity filter shapes the permeation free-energy landscape of an ion channel}},
journal = {Proc. Natl. Acad. Sci. U. S. A.},
year = {2014},
volume = {111},
number = {31},
pages = {E3196--E3205},
month = aug
}

@article{Dudev:2014ey,
author = {Dudev, Todor and Lim, Carmay},
title = {{Competition among Metal Ions for Protein Binding Sites: Determinants of Metal Ion Selectivity in Proteins}},
journal = {Chem. Rev.},
year = {2014},
volume = {114},
pages = {538--556},
month = sep
}

@article{Dudev:2014gh,
author = {Dudev, Todor and Lim, Carmay},
title = {{Evolution of Eukaryotic Ion Channels: Principles Underlying the Conversion of Ca 2+-Selective to Na +-Selective Channels}},
journal = {J. Am. Chem. Soc.},
year = {2014},
volume = {136},
number = {9},
pages = {3553--3559},
month = mar
}

@article{Clairfeuille:2016hs,
author = {Clairfeuille, Thomas and Xu, Hui and Koth, Christopher M and Payandeh, Jian},
title = {{Voltage-gated sodium channels viewed through a structural biology lens}},
journal = {Curr. Opin. Struc. Biol.},
year = {2016},
volume = {45},
pages = {74--84},
month = dec
}

@article{Hub:2010hq,
author = {Hub, Jochen S and de Groot, Bert L and van der Spoel, David},
title = {{g_wham-A Free Weighted Histogram Analysis Implementation Including Robust Error and Autocorrelation Estimates}},
journal = {J. Chem. Theory Comput.},
year = {2010},
volume = {6},
number = {12},
pages = {3713--3720},
month = dec
}

@article{Neyton:1988wj,
author = {Neyton, Jacques and Miller, Christopher},
title = {{Discrete Ba2+ block as a probe of ion occupancy and pore structure in the high-conductance Ca2+-activated K+ channel.}},
journal = {J. Gen. Physiol.},
year = {1988},
volume = {92},
number = {5},
pages = {569--586}
}

@article{Domene:2015kj,
author = {Domene, Carmen and Barbini, Paolo and Furini, Simone},
title = {{Bias-Exchange Metadynamics Simulations: An Efficient Strategy for the Analysis of Conduction and Selectivity in Ion Channels}},
journal = {J. Chem. Theory Comput.},
year = {2015},
volume = {11},
number = {4},
pages = {1896--1906},
month = apr
}

@article{Hite:2017kh,
author = {Hite, Richard K and Tao, Xiao and Mackinnon, Roderick},
title = {{Structural basis for gating the high-conductance Ca(2+)-activated K(+) channel.}},
journal = {Nature},
year = {2017},
volume = {541},
number = {7635},
pages = {52--57},
month = jan
}

@article{Asthagiri:2010em,
author = {Asthagiri, D and Dixit, P D and Merchant, S and Paulaitis, M E and Pratt, L R and Rempe, S B and Varma, S},
title = {{Ion selectivity from local configurations of ligands in solutions and ion channels}},
journal = {Chem. Phys. Lett.},
year = {2010},
volume = {485},
number = {1-3},
pages = {1--7},
month = jan
}

@article{Dixit:2011wf,
author = {Dixit, Purushottam D and Asthagiri, Dilip},
title = {{Thermodynamics of ion selectivity in the KcsA K channel}},
journal = {J. Gen. Physiol.},
year = {2011},
volume = {137},
number = {5},
pages = {427--433}
}


@article{Chakrabarti:2010gf,
author = {Chakrabarti, Nilmadhab and Neale, Chris and Payandeh, Jian and Pai, Emil F and Pom{\`e}s, R{\'e}gis},
title = {{An Iris-Like Mechanism of Pore Dilation in the CorA Magnesium Transport System}},
journal = {Biophys. J.},
year = {2010},
volume = {98},
number = {5},
pages = {784--792},
month = mar
}

@article{Chen:2014du,
author = {Chen, Lei and Xiao, Shuhai and Pang, Ke and Zhou, Chuanming and Yuan, Xunlai},
title = {{Cell differentiation and germ-soma separation in Ediacaran animal embryo-like fossils.}},
journal = {Nature},
year = {2014},
volume = {516},
number = {7530},
pages = {238--241},
month = dec
}

@article{Sahu:2015kd,
author = {Sahu, Indra D and Lorigan, Gary A},
title = {{Biophysical EPR Studies Applied to Membrane Proteins.}},
journal = {J Phys Chem Biophys},
year = {2015},
volume = {5},
number = {6}
}

@article{Yan:2017kd,
author = {Yan, Zhen and Zhou, Qiang and Wang, Lin and Wu, Jianping and Zhao, Yanyu and Huang, Gaoxingyu and Peng, Wei and Shen, Huaizong and Lei, Jianlin and Yan, Nieng},
title = {{Structure of the Nav1.4-Beta1 Complex from Electric Eel}},
journal = {Cell},
year = {2017},
pages = {1--25},
month = jul
}

@article{Arrigoni:2016fs,
author = {Arrigoni, Cristina and Rohaim, Ahmed and Shaya, David and Findeisen, Felix and Stein, Richard A and Nurva, Shailika Reddy and Mishra, Smriti and Mchaourab, Hassane S and Minor Jr, Daniel L},
title = {{Unfolding of a Temperature-Sensitive Domain Controls Voltage-Gated Channel Activation}},
journal = {Cell},
year = {2016},
volume = {164},
number = {5},
pages = {922--936},
month = feb
}

@article{Catterall:2015hy,
author = {Catterall, W A and Swanson, T M},
title = {{Structural Basis for Pharmacology of Voltage-Gated Sodium and Calcium Channels}},
journal = {Molecular Pharmacology},
year = {2015},
volume = {88},
number = {1},
pages = {141--150},
month = may
}

@article{Abraham:2015gj,
author = {Abraham, Mark James and Murtola, Teemu and Schulz, Roland and P{\'a}ll, Szil{\'a}rd and Smith, Jeremy C and Hess, Berk and Lindahl, Erik},
title = {{GROMACS: High performance molecular simulations through multi-level parallelism from laptops to supercomputers}},
journal = {SoftwareX},
year = {2015},
pages = {1--7},
month = jul
}

@article{Cournia:2015df,
author = {Cournia, Zoe and Allen, Toby W and Andricioaei, Ioan and Antonny, Bruno and Baum, Daniel and Brannigan, Grace and Buchete, Nicolae-Viorel and Deckman, Jason T and Delemotte, Lucie and Val, Coral and Friedman, Ran and Gkeka, Paraskevi and Hege, Hans-Christian and H{\'e}nin, J{\'e}r{\^o}me and Kasimova, Marina A and Kolocouris, Antonios and Klein, Michael L and Khalid, Syma and Lemieux, M Joanne and Lindow, Norbert and Roy, Mahua and Selent, Jana and Tarek, Mounir and Tofoleanu, Florentina and Vanni, Stefano and Urban, Sinisa and Wales, David J and Smith, Jeremy C and Bondar, Ana-Nicoleta},
title = {{Membrane Protein Structure, Function, and Dynamics: a Perspective from Experiments and Theory}},
journal = {J. Membrane Biol.},
year = {2015},
volume = {248},
number = {4},
pages = {611--640},
month = jun
}

@article{Allen:2006vy,
author = {Allen, Toby W and Andersen, Olaf S and Roux, Benoit},
title = {{Molecular dynamics {\textemdash} potential of mean force calculations as a tool for understanding ion permeation and selectivity in narrow channels}},
journal = {Biophysical Chemistry},
year = {2006},
volume = {124},
number = {3},
pages = {251--267},
month = dec
}

@article{Noda:1984eg,
author = {Noda, Masaharu and Shimizu, Shin and Tanabe, Tsutomu and Takai, Toshiyuki and Kayano, Toshiaki and Ikeda, Takayuki and Takahashi, Hideo and Nakayama, Hitoshi and Kanaoka, Yuichi and Minamino, Naoto and Kangawa, Kenji and Matsuo, Hisayuki and Raftery, Michael A and Hirose, Tadaaki and Inayama, Seiichi and Hayashida, Hidenori and Miyata, Takashi and Numa, Shosaku},
title = {{Primary structure of Electrophorus electricus sodium channel deduced from cDNA sequence}},
journal = {Nature},
year = {1984},
volume = {312},
number = {5990},
pages = {121--127},
month = nov
}

@article{Marcus:1991kp,
author = {Marcus, Yizhak},
title = {{Thermodynamics of solvation of ions. Part 5.{\textemdash}Gibbs free energy of hydration at 298.15 K}},
journal = {Journal of the Chemical Society, Faraday Transactions},
year = {1991},
volume = {87},
number = {18},
pages = {2995--2999}
}

@article{Hodgkin:1952td,
author = {Hodgkin, A L and Huxley, A F},
title = {{A quantitative description of membrane current and its application to conduction and excitation in nerve}},
journal = {J. Physiol.},
year = {1952},
volume = {117},
number = {4},
pages = {500--544},
month = aug
}

@article{Catterall:2012cd,
author = {Catterall, W A and Raman, I M and Robinson, H P C and Sejnowski, T J and Paulsen, O},
title = {{The Hodgkin-Huxley Heritage: From Channels to Circuits}},
journal = {Journal of Neuroscience},
year = {2012},
volume = {32},
number = {41},
pages = {14064--14073},
month = oct
}

@article{Stock:2013cg,
author = {Stock, Let{\'\i}cia and Delemotte, Lucie and Carnevale, Vincenzo and Treptow, Werner and Klein, Michael L},
title = {{Conduction in a Biological Sodium Selective Channel}},
journal = {J. Phys. Chem. B},
year = {2013},
volume = {117},
number = {14},
pages = {3782--3789},
month = apr
}

@article{Ahern:2016jf,
author = {Ahern, Christopher A and Payandeh, Jian and Bosmans, Frank and Chanda, Baron},
title = {{The hitchhiker's guide to the voltage-gated sodium channel galaxy.}},
journal = {J. Gen. Physiol.},
year = {2016},
volume = {147},
number = {1},
pages = {1--24},
month = jan
}

@article{Heinemann:1992ep,
author = {Heinemann, Stefan H and Terlau, Heinrich and St{\"u}hmer, Walter and Imoto, Keiji and Numa, Shosaku},
title = {{Calcium channel characteristics conferred on the sodium channel by single mutations}},
journal = {Nature},
year = {1992},
volume = {356},
number = {6368},
pages = {441--443},
month = apr
}

@article{Oelstrom:2016dl,
author = {Oelstrom, Kevin and Chanda, Baron},
title = {{Congruent pattern of accessibility identifies minimal pore gate in a non-symmetric voltage-gated sodium channel}},
journal = {Nature Communications},
year = {2016},
volume = {7},
pages = {11608}
}

@article{ArcisioMiranda:2010gz,
author = {Arcisio-Miranda, Manoel and Muroi, Yukiko and Chowdhury, Sandipan and Chanda, Baron},
title = {{Molecular mechanism of allosteric modification of voltage-dependent sodium channels by local anesthetics}},
journal = {The Journal of General Physiology},
year = {2010},
volume = {136},
number = {5},
pages = {541--554}
}

@article{Muroi:2010do,
author = {Muroi, Yukiko and Arcisio-Miranda, Manoel and Chowdhury, Sandipan and Chanda, Baron},
title = {{Molecular determinants of coupling between the domain III voltage sensor and pore of a sodium channel}},
journal = {Nature Structural {\&} Molecular Biology},
year = {2010},
volume = {17},
number = {2},
pages = {230--237}
}

@article{Chanda:2002gk,
author = {Chanda, Baron and Bezanilla, Francisco},
title = {{Tracking Voltage-dependent Conformational Changes in Skeletal Muscle Sodium Channel during Activation}},
journal = {The Journal of General Physiology},
year = {2002},
volume = {120},
number = {5},
pages = {629--645}
}

@article{GamalElDin:2014bz,
author = {Gamal El-Din, T M and Scheuer, T and Catterall, W A},
title = {{Tracking S4 movement by gating pore currents in the bacterial sodium channel NaChBac}},
journal = {J. Gen. Physiol.},
year = {2014},
volume = {144},
number = {2},
pages = {147--157},
month = jul
}

@article{Zhao:2004vv,
author = {Zhao, Y and Scheuer, T and Catterall, W A},
title = {{Reversed voltage-dependent gating of a bacterial sodium channel with proline substitutions in the S6 transmembrane segment}},
journal = {Proc. Natl. Acad. Sci. U. S. A.},
year = {2004},
volume = {101},
number = {51},
pages = {17873--17878}
}

@article{Wu:2014uc,
author = {Wu, E L and Cheng, X and Jo, S and Rui, H and Song, K C},
title = {{CHARMM-GUI Membrane Builder toward realistic biological membrane simulations}},
journal = {J. Comp. Chem.},
year = {2014},
volume = {35},
number = {27},
pages = {1997--2004}
}

@article{MichaudAgrawal:2011fd,
author = {Michaud-Agrawal, Naveen and Denning, Elizabeth J and Woolf, Thomas B and Beckstein, Oliver},
title = {{MDAnalysis: A toolkit for the analysis of molecular dynamics simulations}},
journal = {J. Comp. Chem.},
year = {2011},
volume = {32},
number = {10},
pages = {2319--2327},
month = apr
}

@article{Derebe:2011jc,
author = {Derebe, Mehabaw G and Sauer, David B and Zeng, Weizhong and Alam, Amer and Shi, Ning and Jiang, Youxing},
title = {{Tuning the ion selectivity of tetrameric cation channels by changing the number of ion binding sites}},
journal = {Proc. Natl. Acad. Sci. U. S. A.},
year = {2011},
volume = {108},
number = {2},
pages = {598--602},
month = jan
}

@article{Long:2005do,
author = {Long, Stephen B and Campbell, Ernest B and Mackinnon, Roderick},
title = {{Crystal structure of a mammalian voltage-dependent Shaker family K+ channel.}},
journal = {Science},
year = {2005},
volume = {309},
number = {5736},
pages = {897--903},
month = aug
}

@article{Lee:2012fh,
author = {Lee, Sora and Goodchild, Samuel J and Ahern, Christopher A},
title = {{Local anesthetic inhibition of a bacterial sodium channel}},
journal = {J. Gen. Physiol.},
year = {2012},
volume = {139},
number = {6},
pages = {507--516},
month = jun
}

@article{Mulkidjanian:2009ko,
author = {Mulkidjanian, Armen Y and Galperin, Michael Y and Koonin, Eugene V},
title = {{Co-evolution of primordial membranes and membrane proteins.}},
journal = {Trends in Biochemical Sciences},
year = {2009},
volume = {34},
number = {4},
pages = {206--215},
month = apr
}

@article{Aqvist:2000eo,
author = {{\AA}qvist, Johan and Luzhkov, Victor},
title = {{Ion permeation mechanism of the potassium channel}},
journal = {Nature},
year = {2000},
volume = {404},
number = {6780},
pages = {881--884},
month = apr
}

@article{Sotomayor:2007ej,
author = {Sotomayor, Marcos and squez, Valeria V{\~A} and Perozo, Eduardo and Schulten, Klaus},
title = {{Ion Conduction through MscS as Determined by Electrophysiology and Simulation}},
journal = {Biophys. J.},
year = {2007},
volume = {92},
number = {3},
pages = {886--902},
month = feb
}

@article{FinolUrdaneta:2014bz,
author = {Finol-Urdaneta, Rocio K and Wang, Yibo and Al-Sabi, Ahmed and Zhao, Chunfeng and Noskov, Sergei Y and French, Robert J},
title = {{Sodium channel selectivity and conduction: Prokaryotes have devised their own molecular strategy}},
journal = {J. Gen. Physiol.},
year = {2014},
volume = {143},
number = {2},
pages = {157--171}
}

@article{Thomas:2013bs,
author = {Thomas, Michael and Jayatilaka, Dylan and Corry, Ben},
title = {{An Entropic Mechanism of Generating Selective Ion Binding in Macromolecules}},
journal = {PLoS Comput Biol},
year = {2013},
volume = {9},
number = {2},
pages = {e1002914},
month = feb
}

@article{Tsai:2013ie,
author = {Tsai, Ching-Ju and Tani, Kazutoshi and Irie, Katsumasa and Hiroaki, Yoko and Shimomura, Takushi and McMillan, Duncan G and Cook, Gregory M and Schertler, Gebhard F X and Fujiyoshi, Yoshinori and Li, Xiao-Dan},
title = {{Two Alternative Conformations of a Voltage-Gated Sodium Channel}},
journal = {J. Mol. Bio.},
year = {2013},
pages = {1--15},
month = jul
}

@article{Zhang:2013bz,
author = {Zhang, Xu and Ren, Wenlin and DeCaen, Paul and Yan, Chuangye and Tao, Xiao and Tang, Lin and Wang, Jingjing and Hasegawa, Kazuya and Kumasaka, Takashi and He, Jianhua and Wang, Jiawei and Clapham, David E and Yan, Nieng},
title = {{Crystal structure of an orthologue of the NaChBac voltage-gated sodium channel}},
journal = {Nature},
year = {2013},
volume = {486},
number = {7401},
pages = {130--134},
month = apr
}

@article{Barber:2014us,
author = {Barber, A F and Carnevale, V and Klein, M L},
title = {{Modulation of a voltage-gated Na+ channel by sevoflurane involves multiple sites and distinct mechanisms}},
journal = {Proc. Natl. Acad. Sci. U. S. A.},
year = {2014}
}

@article{GamalElDin:2013tv,
author = {Gamal El-Din, T M and Martinez, G Q and Payandeh, J and Scheuer, T and Catterall, W A},
title = {{A gating charge interaction required for late slow inactivation of the bacterial sodium channel NavAb}},
journal = {J. Gen. Physiol.},
year = {2013},
volume = {142},
number = {3},
pages = {181--190},
month = aug
}

@article{Hodgkin:1955hu,
author = {Hodgkin, A L and Keynes, R D},
title = {{The potassium permeability of a giant nerve fibre}},
journal = {J. Physiol.},
year = {1955},
volume = {128},
number = {1},
pages = {61--88}
}

@article{Catterall:2013eu,
author = {Catterall, W A},
title = {{2013 Sharpey-Schafer Prize Lecture: Structure and Function of Voltage-Gated Sodium Channels at Atomic Resolution}},
journal = {Experimental Physiology},
year = {2013},
month = oct
}

@article{Berneche:2003ua,
author = {Bern{\`e}che, Simon and Roux, Benoit},
title = {{A microscopic view of ion conduction through the K+ channel}},
journal = {Proc. Natl. Acad. Sci. U. S. A.},
year = {2003},
volume = {100},
number = {15},
pages = {8644--8648}
}

@article{Mahdavi:2014df,
author = {Mahdavi, Somayeh and Kuyucak, Serdar},
title = {{Molecular Dynamics Study of Binding of {\textmu}-Conotoxin GIIIA to the Voltage-Gated Sodium Channel Nav1.4}},
journal = {PLos One},
year = {2014},
volume = {9},
number = {8},
pages = {e105300},
month = aug
}

@article{Landau:2005de,
author = {Landau, Meytal and Mayrose, Itay and Rosenberg, Yossi and Glaser, Fabian and Martz, Eric and Pupko, Tal and Ben-Tal, Nir},
title = {{ConSurf 2005: the projection of evolutionary conservation scores of residues on protein structures.}},
journal = {Nucleic Acids Res.},
year = {2005},
volume = {33},
number = {Web Server issue},
pages = {W299--302},
month = jul
}

@article{Hille:1971vq,
author = {Hille, Bertil},
title = {{The Permeability of the Sodium Channel to Organic Cations in Myelinated Nerve}},
journal = {J. Gen. Physiol.},
year = {1971},
volume = {58},
number = {6},
pages = {599--619},
month = dec
}

@article{Hille:1977td,
author = {Hille, Bertil},
title = {{Local anesthetics: hydrophilic and hydrophobic pathways for the drug-receptor reaction.}},
journal = {J. Gen. Physiol.},
year = {1977},
volume = {69},
number = {4},
pages = {497--515}
}

@article{Courtney:1975uu,
author = {Courtney, K R},
title = {{Mechanism of frequency-dependent inhibition of sodium currents in frog myelinated nerve by the lidocaine derivative GEA.}},
journal = {J. Pharmacol. Exp. Ther.},
year = {1975},
volume = {195},
number = {2},
pages = {225},
month = nov
}

@article{Capes:2013cc,
author = {Capes, Deborah L and Goldschen-Ohm, Marcel P and Arcisio-Miranda, Manoel and Bezanilla, Francisco and Chanda, Baron},
title = {{Domain IV voltage-sensor movement is both sufficient and rate limiting for fast inactivation in sodium channels}},
journal = {The Journal of General Physiology},
year = {2013},
volume = {142},
number = {2},
pages = {101--112}
}

@article{Hodgkin:1952um,
author = {Hodgkin, A L and Huxley, A F and Katz, B},
title = {{Measurement of current-voltage relations in the membrane of the giant axon of Loligo}},
journal = {J. Physiol.},
year = {1952},
volume = {116},
number = {4},
pages = {424--448},
month = apr
}

@article{Kaczmarski:2014gj,
author = {Kaczmarski, Joe A and Corry, Ben},
title = {{Investigating the size and dynamics of voltage-gated sodium channel fenestrations}},
journal = {channels},
year = {2014},
volume = {8},
number = {3},
pages = {264--277},
month = apr
}

@article{Kim:2011eg,
author = {Kim, Ilsoo and Allen, Toby W},
title = {{On the selective ion binding hypothesis for potassium channels}},
journal = {Proc. Natl. Acad. Sci. U. S. A.},
year = {2011},
volume = {108},
number = {44},
pages = {17963--17968}
}

@article{Furini:2012hd,
author = {Furini, Simone and Domene, Carmen},
title = {{Nonselective Conduction in a Mutated NaK Channel with Three Cation-Binding Sites}},
journal = {Biophys. J.},
year = {2012},
volume = {103},
number = {10},
pages = {2106--2114},
month = nov
}

@article{Guo:2016jb,
author = {Guo, Jiangtao and Zeng, Weizhong and Chen, Qingfeng and Lee, Changkeun and Chen, Liping and Yang, Yi and Cang, Chunlei and Ren, Dejian and Jiang, Youxing},
title = {{Structure of the voltage-gated two-pore channel TPC1 from Arabidopsis thaliana}},
journal = {Nature},
year = {2016},
volume = {531},
number = {7593},
pages = {196--201},
month = mar
}

@article{George:2005fm,
author = {George, Alfred L},
title = {{Inherited disorders of voltage-gated sodium channels}},
journal = {J Clin Invest},
year = {2005},
volume = {115},
number = {8},
pages = {1990--1999},
month = aug
}

@article{Dror:2012cs,
author = {Dror, Ron O. and Dirks, Robert M and Grossman, J P and Xu, Huafeng and Shaw, David E.},
title = {{Biomolecular simulation: a computational microscope for molecular biology.}},
journal = {Annu Rev Biophys},
year = {2012},
volume = {41},
number = {1},
pages = {429--452}
}

@article{Hille:1989vz,
author = {Hille, B},
title = {{The Sharpey-Schafer Lecture. Ionic channels: evolutionary origins and modern roles.}},
journal = {Q J Exp Physiol},
year = {1989},
volume = {74},
number = {6},
pages = {785--804},
month = nov
}

@article{Ouyang:2007he,
author = {Ouyang, Wei and Jih, Ting-Yu and Zhang, Tao-Tao and Correa, Ana M and Hemmings, Hugh C},
title = {{Isoflurane inhibits NaChBac, a prokaryotic voltage-gated sodium channel.}},
journal = {J. Pharmacol. Exp. Ther.},
year = {2007},
volume = {322},
number = {3},
pages = {1076--1083},
month = sep
}

@article{Kopfer:2014cj,
author = {Kopfer, D A and Song, C and Gruene, T and Sheldrick, G M and Zachariae, U and de Groot, B L},
title = {{Ion permeation in K+ channels occurs by direct Coulomb knock-on}},
journal = {Science},
year = {2014},
volume = {346},
number = {6207},
pages = {352--355},
month = oct
}

@article{Berneche:2001un,
author = {Bern{\`e}che, Simon and Roux, Benoit},
title = {{Energetics of ion conduction through the K{\&}plus; channel}},
journal = {Nature},
year = {2001},
volume = {414},
number = {6859},
pages = {73--77}
}

@article{Cibulsky:2000ix,
author = {Cibulsky, Susan M and Sather, William A},
title = {{The EEEE Locus Is the Sole High-affinity Ca2+ Binding Structure in the Pore of a Voltage-gated Ca2+ Channel: Block by Ca2+ Entering from the Intracellular Pore Entrance}},
journal = {J. Gen. Physiol.},
year = {2000},
volume = {116},
number = {3},
pages = {349--362},
month = aug
}

@article{Posson:2012dy,
author = {Posson, David J and McCoy, Jason G and Nimigean, Crina M},
title = {{The voltage-dependent gate in MthK potassium channels is located at the selectivity filter}},
journal = {Nat. Struct. Mol. Biol.},
year = {2012},
volume = {20},
number = {2},
pages = {159--166},
month = dec
}

@article{Whited:2014hb,
author = {Whited, Allison M and Park, Paul S H},
title = {{Atomic force microscopy: A multifaceted tool to study membrane proteins and their interactions with ligands}},
journal = {Biochim. Biophys. Acta, Biomembr.},
year = {2014},
volume = {1838},
number = {1},
pages = {56--68},
month = jan
}

@article{Shannon:1976dq,
author = {Shannon, R D and {IUCr}},
title = {{Revised effective ionic radii and systematic studies of interatomic distances in halides and chalcogenides}},
journal = {Acta Crystallogr Sect A Cryst Phys Diffr Theor Gen Crystallogr},
year = {1976},
volume = {32},
number = {5},
pages = {751--767},
month = sep
}

@article{Dudev:2010wv,
author = {Dudev, T and Lim, C},
title = {{Factors Governing the Na+ vs K+ Selectivity in Sodium Ion Channels}},
journal = {J. Am. Chem. Soc.},
year = {2010},
volume = {132},
number = {7},
pages = {2331--2332}
}

@article{Payandeh:2008bk,
author = {Payandeh, J and Li, C and Ramjeesingh, M and Poduch, E and Bear, C E and Pai, E F},
title = {{Probing Structure-Function Relationships and Gating Mechanisms in the CorA Mg2+ Transport System}},
journal = {J. Biol. Chem.},
year = {2008},
volume = {283},
number = {17},
pages = {11721--11733},
month = apr
}

@article{Stephens:2015te,
author = {Stephens, R F and Guan, W and Zhorov, B S},
title = {{Selectivity filters and cysteine-rich extracellular loops in voltage-gated sodium, calcium, and NALCN channels}},
journal = {Frontiers in {\ldots}},
year = {2015}
}

@article{Bagneris:2013bu,
author = {Bagn{\'e}ris, Claire and DeCaen, Paul G and Hall, Benjamin A and Naylor, Claire E and Clapham, David E and Kay, Christopher W M and Wallace, B A},
title = {{Role of the C-terminal domain in the structure and function of tetrameric sodium channels}},
journal = {Nat. Commun.},
year = {2013},
volume = {4},
pages = {1--10},
month = sep
}

@article{Liu:2015cx,
author = {Liu, Shian and Focke, Paul J and Matulef, Kimberly and Bian, Xuelin and Mo{\"e}nne-Loccoz, Pierre and Valiyaveetil, Francis I and Lockless, Steve W},
title = {{Ion-binding properties of a K +channel selectivity filter in different conformations}},
journal = {Proc. Natl. Acad. Sci. U. S. A.},
year = {2015},
volume = {112},
number = {49},
pages = {15096--15100},
month = dec
}

@article{Mullins:1960tn,
author = {Mullins, L J},
title = {{An Analysis of Pore Size in Excitable Membranes}},
journal = {J. Gen. Physiol.},
year = {1960},
volume = {43},
number = {5},
pages = {105--117}
}

@article{Ye:2010hs,
author = {Ye, Sheng and Li, Yang and Jiang, Youxing},
title = {{Novel insights into K+ selectivity from high-resolution structures of an open K+ channel pore.}},
journal = {Nature Structural {\&}amp; Molecular Biology},
year = {2010},
volume = {17},
number = {8},
pages = {1019--1023},
month = aug
}

@article{Kandt:2007wz,
author = {Kandt, C and Ash, W L and Peter Tieleman, D},
title = {{Setting up and running molecular dynamics simulations of membrane proteins}},
journal = {Methods},
year = {2007},
volume = {41},
number = {4},
pages = {475--488}
}

@article{Stansfeld:2017dk,
author = {Stansfeld, Phillip J},
title = {{Computational studies of membrane proteins: from sequence to structure to simulation}},
journal = {Curr. Opin. Struc. Biol.},
year = {2017},
volume = {45},
pages = {133--141},
month = aug
}

@article{Sun:1997uj,
author = {Sun, Y M and Favre, I and Schild, L},
title = {{On the Structural Basis for Size-selective Permeation of Organic Cations through the Voltage-gated Sodium Channel}},
journal = {J. Gen. Physiol.},
year = {1997},
volume = {110},
number = {6},
pages = {693--715}
}

@article{Varma:2006va,
author = {Varma, Sameer and Rempe, Susan B},
title = {{Coordination numbers of alkali metal ions in aqueous solutions}},
journal = {Biophysical Chemistry},
year = {2006},
volume = {124},
number = {3},
pages = {192--199},
month = dec
}

@article{Roux:2017bs,
author = {Roux, Benoit},
title = {{Ion channels and ion selectivity}},
journal = {Essays Biochem.},
year = {2017},
volume = {61},
number = {2},
pages = {201--209},
month = may
}

@article{Qiu:2010gu,
author = {Qiu, Hu and Shen, Rong and Guo, Wanlin},
title = {{Ion solvation and structural stability in a sodium channel investigated by molecular dynamics calculations}},
journal = {Biochim. Biophys. Acta, Biomembr.},
year = {2010},
volume = {1818},
number = {11},
pages = {1--7},
month = mar
}

@article{Tang:2016el,
author = {Tang, Lin and Gamal El-Din, Tamer M and Swanson, Teresa M and Pryde, David C and Scheuer, Todd and Zheng, Ning and Catterall, William A},
title = {{Structural basis for inhibition of a voltage-gated Ca(2+) channel by Ca(2+) antagonist drugs.}},
journal = {Nature},
year = {2016},
volume = {537},
number = {7618},
pages = {117--121},
month = sep
}

@article{Horrigan:2012jj,
author = {Horrigan, F T},
title = {{Perspectives on: Conformational coupling in ion channels: Conformational coupling in BK potassium channels}},
journal = {J. Gen. Physiol.},
year = {2012},
volume = {140},
number = {6},
pages = {625--634},
month = nov
}

@article{Kutzner:2011fz,
author = {Kutzner, Carsten and Grubm{\"u}ller, Helmut and de Groot, Bert L and Zachariae, Ulrich},
title = {{Computational Electrophysiology: The Molecular Dynamics of Ion Channel Permeation and Selectivity in Atomistic Detail}},
journal = {Biophys. J.},
year = {2011},
volume = {101},
number = {4},
pages = {809--817},
month = aug
}

@article{Stansfeld:2015tb,
author = {Stansfeld, Phillip J and Goose, Joseph E and Caffrey, Martin and Carpenter, Elisabeth P and Parker, Joanne L and Newstead, Simon and Sansom, Mark S P},
title = {{MemProtMD: Automated Insertion of Membrane Protein Structures into Explicit Lipid Membranes}},
journal = {Structure},
year = {2015},
volume = {23},
number = {7},
pages = {1350--1361},
month = may
}

@article{Catterall:1995tp,
author = {Catterall, William A},
title = {{Structure and function of voltage-gated ion channels}},
journal = {Annu Rev Biochem},
year = {1995},
volume = {65},
pages = {493--531},
month = jul
}

@article{Neale:2016gj,
author = {Neale, Chris and Pom{\`e}s, R{\'e}gis},
title = {{Sampling errors in free energy simulations of small molecules in lipid bilayers.}},
journal = {Biochim. Biophys. Acta},
year = {2016},
volume = {1858},
number = {10},
pages = {2539--2548},
month = oct
}

@article{McCusker:2011tn,
author = {McCusker, E C and D'Avanzo, N and Nichols, C G and Wallace, B A},
title = {{Simplified bacterial {\textquotedblleft}pore{\textquotedblright} channel provides insight into the assembly, stability, and structure of sodium channels}},
journal = {J. Biol. Chem.},
year = {2011},
volume = {286},
number = {18},
pages = {16386--16391}
}

@article{GosselinBadaroudine:2016gw,
author = {Gosselin-Badaroudine, Pascal and Moreau, Adrien and Simard, Louis and Cens, Thierry and Rousset, Matthieu and Collet, Claude and Charnet, Pierre and Chahine, Mohamed},
title = {{Biophysical characterization of the honeybee DSC1 orthologue reveals a novel voltage-dependent Ca 2+channel subfamily: Ca V4}},
journal = {J. Gen. Physiol.},
year = {2016},
volume = {148},
number = {2},
pages = {133--145},
month = aug
}

@article{Favre:1996dg,
author = {Favre, I and Moczydlowski, E and Schild, L},
title = {{On the structural basis for ionic selectivity among Na+, K+, and Ca2+ in the voltage-gated sodium channel}},
journal = {Biophys. J.},
year = {1996},
volume = {71},
number = {6},
pages = {3110--3125},
month = dec
}

@article{YarovYarovoy:2012hz,
author = {Yarov-Yarovoy, V and DeCaen, P G and Westenbroek, R E and Pan, C Y and Scheuer, T and Baker, D. and Catterall, W A},
title = {{Structural basis for gating charge movement in the voltage sensor of a sodium channel}},
journal = {Proc. Natl. Acad. Sci. U. S. A.},
year = {2012},
volume = {109},
number = {2},
pages = {E93--E102}
}

@article{Noskov:2008jp,
author = {Noskov, Sergei Y and Roux, Benoit},
title = {{Control of Ion Selectivity in LeuT: Two Na+ Binding Sites with Two Different Mechanisms}},
journal = {J. Mol. Bio.},
year = {2008},
volume = {377},
number = {3},
pages = {804--818},
month = mar
}

@article{Moran:2015ie,
author = {Moran, Y and Barzilai, M G and Liebeskind, B J and Zakon, H H},
title = {{Evolution of voltage-gated ion channels at the emergence of Metazoa}},
journal = {Journal of Experimental Biology},
year = {2015},
volume = {218},
number = {4},
pages = {515--525},
month = feb
}

@article{Black:2013gp,
author = {Black, Joel A and Waxman, Stephen G},
title = {{Noncanonical roles of voltage-gated sodium channels.}},
journal = {Neuron},
year = {2013},
volume = {80},
number = {2},
pages = {280--291},
month = oct
}

@article{Sula:2017jx,
author = {Sula, Altin and Wallace, B A},
title = {{Interpreting the functional role of a novel interaction motif in prokaryotic sodium channels}},
journal = {J. Gen. Physiol.},
year = {2017},
volume = {149},
number = {6},
pages = {613--622},
month = jun
}

@article{Covarrubias:2015co,
author = {Covarrubias, Manuel and Barber, Annika F and Carnevale, Vincenzo and Treptow, Werner and Eckenhoff, Roderic G},
title = {{Biophysical Perspective}},
journal = {Biophys. J.},
year = {2015},
volume = {109},
number = {10},
pages = {2003--2011},
month = nov
}

@article{Xia:2013dv,
author = {Xia, Mengdie and Liu, Huihui and Li, Yang and Yan, Nieng and Gong, Haipeng},
title = {{The Mechanism of Na+/K+ Selectivity in Mammalian Voltage-Gated Sodium Channels Based on Molecular Dynamics Simulation}},
journal = {Biophys. J.},
year = {2013},
volume = {104},
number = {11},
pages = {2401--2409},
month = jun
}

@article{Roux:2002bh,
author = {Roux, Benoit and Bern{\`e}che, Simon},
title = {{On the Potential Functions used in Molecular Dynamics Simulations of Ion Channels}},
journal = {Biophys. J.},
year = {2002},
volume = {82},
number = {3},
pages = {1681--1684},
month = mar
}

@article{Wang:2012eh,
author = {Wang, Xiang and Zhang, Xiaoli and Dong, Xian-ping and Samie, Mohammad and Li, Xinran and Cheng, Xiping and Goschka, Andrew and Shen, Dongbiao and Zhou, Yandong and Harlow, Janice and Zhu, Michael X and Clapham, David E and Ren, Dejian and Xu, Haoxing},
title = {{TPC Proteins Are Phosphoinositide- Activated Sodium-Selective Ion Channels in Endosomes and Lysosomes}},
journal = {Cell},
year = {2012},
volume = {151},
number = {2},
pages = {372--383},
month = oct
}

@article{Zhu:2016cp,
author = {Zhu, Lan and Weierstall, Uwe and Cherezov, Vadim and Liu, Wei},
title = {{Serial Femtosecond Crystallography of Membrane Proteins.}},
journal = {Adv Exp Med Biol},
year = {2016},
volume = {922},
number = {2},
pages = {151--160}
}

@article{Stephens:2015iv,
author = {Stephens, Robert F and Guan, W and Zhorov, Boris S and Spafford, J David},
title = {{Selectivity filters and cysteine-rich extracellular loops in voltage-gated sodium, calcium, and NALCN channels}},
journal = {Frontiers in Physiology},
year = {2015},
volume = {6},
pages = {7419},
month = may
}

@article{Wolf:2010dr,
author = {Wolf, Maarten G and Hoefling, Martin and Aponte-Santamar{\'\i}a, Camilo and Grubm{\"u}ller, Helmut and Groenhof, Gerrit},
title = {{g_membed: Efficient insertion of a membrane protein into an equilibrated lipid bilayer with minimal perturbation}},
journal = {J. Comp. Chem.},
year = {2010},
volume = {31},
number = {11},
pages = {2169--2174},
month = mar
}

@article{Torrie:1977hs,
author = {Torrie, G M and Valleau, J P},
title = {{Nonphysical sampling distributions in Monte Carlo free-energy estimation: Umbrella sampling}},
journal = {J Comput Phys},
year = {1977},
volume = {23},
number = {2},
pages = {187--199},
month = feb
}

@article{Payandeh:2013ex,
author = {Payandeh, Jian and El-Din, Tamer M Gamal and Scheuer, Todd and Zheng, Ning and Catterall, William A},
title = {{Crystal structure of a voltage-gated sodium channel in two potentially inactivated states}},
journal = {Nature},
year = {2013},
volume = {486},
number = {7401},
pages = {135--139},
month = apr
}

@article{Jiang:2003je,
author = {Jiang, Youxing and Ruta, Vanessa and Chen, Jiayun and Lee, Alice and Mackinnon, Roderick},
title = {{The principle of gating charge movement in a voltage-dependent K+ channel.}},
journal = {Nature},
year = {2003},
volume = {423},
number = {6935},
pages = {42--48},
month = may
}

@article{MoraisCabral:2001bp,
author = {Morais-Cabral, Jo{\~a}o H and Zhou, Yufeng and Mackinnon, Roderick},
title = {{Energetic optimization of ion conduction rate by the K|[plus]| selectivity filter}},
journal = {Nature},
year = {2001},
volume = {414},
number = {6859},
pages = {37--42},
month = nov
}

@article{Kumar:1992bv,
author = {Kumar, Shankar and Rosenberg, John M and Bouzida, Djamal and Swendsen, Robert H and Kollman, Peter A},
title = {{The weighted histogram analysis method for free-energy calculations on biomolecules. I. The method}},
journal = {J. Comp. Chem.},
year = {1992},
volume = {13},
number = {8},
pages = {1011--1021},
month = oct
}

@article{Patching:2014bg,
author = {Patching, Simon G},
title = {{Surface plasmon resonance spectroscopy for characterisation of membrane protein-ligand interactions and its potential for drug discovery}},
journal = {Biochim. Biophys. Acta, Biomembr.},
year = {2014},
volume = {1838},
number = {1},
pages = {43--55},
month = jan
}

@article{Tang:2014cn,
author = {Tang, Lin and El-Din, Tamer M Gamal and Payandeh, Jian and Martinez, Gilbert Q and Heard, Teresa M and Scheuer, Todd and Zheng, Ning and Catterall, William A},
title = {{Structural basis for Ca2+ selectivity of a voltage-gated calcium channel}},
journal = {Nature},
year = {2014},
volume = {505},
number = {7481},
pages = {56--61},
month = jan
}

@article{Jiang:2018ga,
author = {Jiang, Daohua and Gamal El-Din, Tamer M and Ing, Christopher and Lu, Peilong and Pom{\`e}s, R{\'e}gis and Zheng, Ning and Catterall, William A},
title = {{Structural basis for gating pore current in periodic paralysis}},
journal = {Nature},
year = {2018},
volume = {557},
number = {7706},
pages = {590--594},
month = may
}

@article{McGibbon:2015fv,
author = {McGibbon, Robert T and Beauchamp, Kyle A and Harrigan, Matthew P and Klein, Christoph and Swails, Jason M and Hern{\'a}ndez, Carlos X and Schwantes, Christian R and Wang, Lee-Ping and Lane, Thomas J and Pande, Vijay S},
title = {{MDTraj: A Modern Open Library for the Analysis of Molecular Dynamics Trajectories}},
journal = {Biophys. J.},
year = {2015},
volume = {109},
number = {8},
pages = {1528--1532},
month = oct
}

@article{Bricelj:2005bm,
author = {Bricelj, V Monica and Connell, Laurie and Konoki, Keiichi and Macquarrie, Scott P and Scheuer, Todd and Catterall, William A and Trainer, Vera L},
title = {{Sodium channel mutation leading to saxitoxin resistance in clams increases risk of PSP.}},
journal = {Nature},
year = {2005},
volume = {434},
number = {7034},
pages = {763--767},
month = apr
}

@article{Payandeh:2012ib,
author = {Payandeh, Jian and Scheuer, Todd and Zheng, Ning and Catterall, William A},
title = {{The crystal structure of a voltage-gated sodium channel}},
journal = {Nature},
year = {2012},
volume = {475},
number = {7356},
pages = {353--358},
month = apr
}

@article{Thompson:2001is,
author = {Thompson, J},
title = {{Affinity and Location of an Internal K+ Ion Binding Site in Shaker K Channels}},
journal = {J. Gen. Physiol.},
year = {2001},
volume = {117},
number = {5},
pages = {373--384},
month = apr
}

@article{Amaral:2012tn,
author = {Amaral, Cristiano and Carnevale, Vincenzo and Klein, Michael L and Treptow, Werner},
title = {{Exploring conformational states of the bacterial voltage-gated sodium channel NavAb via molecular dynamics simulations}},
journal = {Proc. Natl. Acad. Sci. U. S. A.},
year = {2012},
volume = {109},
number = {52},
pages = {21336--21341}
}

@article{YarovYarovoy:2006hp,
author = {Yarov-Yarovoy, Vladimir and Baker, David and Catterall, William A},
title = {{Voltage sensor conformations in the open and closed states in ROSETTA structural models of K(+) channels.}},
journal = {Proc. Natl. Acad. Sci. U. S. A.},
year = {2006},
volume = {103},
number = {19},
pages = {7292--7297},
month = may
}

@article{Huang:2016kb,
author = {Huang, Jing and Rauscher, Sarah and Nawrocki, Grzegorz and Ran, Ting and Feig, Michael and de Groot, Bert L and Grubm{\"u}ller, Helmut and MacKerell, Alexander D},
title = {{CHARMM36m: an improved force field for folded and intrinsically disordered proteins}},
journal = {Nat Methods},
year = {2016},
volume = {14},
number = {1},
pages = {71--73},
month = nov
}

@article{Catterall:2000vb,
author = {Catterall, William A},
title = {{From ionic currents to molecular mechanisms: the structure and function of voltage-gated sodium channels}},
journal = {Neuron},
year = {2000},
volume = {26},
number = {1},
pages = {13--25}
}

@article{Humphrey:1996to,
author = {Humphrey, William and Dalke, Andrew and Schulten, Klaus},
title = {{VMD: visual molecular dynamics}},
journal = {J. Mol. Graphics},
year = {1996},
volume = {14},
number = {1},
pages = {33--38}
}

@article{Noda:1989bj,
author = {Noda, Masaharu and Suzuki, Harukazu and Numa, Shosaku and St{\"u}hmer, Walter},
title = {{A single point mutation confers tetrodotoxin and saxitoxin insensitivity on the sodium channel II}},
journal = {FEBS Lett.},
year = {1989},
volume = {259},
number = {1},
pages = {213--216},
month = dec
}

@article{Ren:2001uo,
author = {Ren, Dejian and Navarro, Betsy and Xu, Haoxing and Yue, Lixia and Shi, Qing and Clapham, David E},
title = {{A Prokaryotic Voltage-Gated Sodium Channel}},
journal = {Science},
year = {2001},
volume = {294},
number = {5550},
pages = {2372--2375},
month = dec,
annote = {10.1126/science.1065635}
}

@article{Catterall:2010kr,
author = {Catterall, William A},
title = {{Ion Channel Voltage Sensors: Structure, Function, and Pathophysiology}},
journal = {Neuron},
year = {2010},
volume = {67},
number = {6},
pages = {915--928},
month = sep
}

@article{Lenaeus:2017cy,
author = {Lenaeus, Michael J and Gamal El-Din, Tamer M and Ing, Christopher and Ramanadane, Karthik and Pom s, R gis and Zheng, Ning and Catterall, William A},
title = {{Structures of closed and open states of a voltage-gated sodium channel}},
journal = {Proc. Natl. Acad. Sci. U. S. A.},
year = {2017},
volume = {114},
number = {15},
pages = {E3051--E3060},
month = apr
}

@article{Ulmschneider:2013da,
author = {Ulmschneider, Martin B and Bagn{\'e}ris, Claire and McCusker, Emily C and DeCaen, Paul G and Delling, Markus and Clapham, David E and Ulmschneider, Jakob P and Wallace, B A},
title = {{Molecular dynamics of ion transport through the open conformation of a bacterial voltage-gated sodium channel.}},
journal = {Proc. Natl. Acad. Sci. U. S. A.},
year = {2013},
volume = {110},
number = {16},
pages = {6364--6369},
month = apr
}

@article{Domene:2003tn,
author = {Domene, Carmen and Sansom, Mark S P},
title = {{Potassium Channel, Ions, and Water: Simulation Studies Based on the High Resolution X-Ray Structure of KcsA}},
journal = {Biophys. J.},
year = {2003},
volume = {85},
number = {5},
pages = {2787--2800}
}

@article{Zhang:2013jf,
author = {Zhang, Xu and Yan, Nieng},
title = {{The conformational shifts of the voltage sensing domains between NavRh and NavAb}},
journal = {Cell Research},
year = {2013},
volume = {23},
number = {3},
pages = {444--447},
month = mar
}

@article{Furini:2011cx,
author = {Furini, Simone and Domene, Carmen},
title = {{Gating at the Selectivity Filter of Ion Channels that Conduct Na+ and K+ Ions}},
journal = {Biophys. J.},
year = {2011},
volume = {101},
number = {7},
pages = {1623--1631},
month = oct
}

@article{GosselinBadaroudine:2012va,
author = {Gosselin-Badaroudine, Pascal and Delemotte, Lucie and Moreau, Adrien and Klein, Michael L and Chahine, Mohamed},
title = {{Gating pore currents and the resting state of Nav1.4 voltage sensor domains}},
journal = {Proc. Natl. Acad. Sci. U. S. A.},
year = {2012},
volume = {109},
number = {47},
pages = {19250--19255},
month = nov
}

@article{Eisenman:1983tc,
author = {Eisenman, George and Horn, Richard},
title = {{Ionic selectivity revisited: The role of kinetic and equilibrium processes in ion permeation through channels}},
journal = {J. Membrane Biol.},
year = {1983},
volume = {76},
number = {3},
pages = {197--225}
}

@article{Thompson:2009ig,
author = {Thompson, Ameer N and Kim, Ilsoo and Panosian, Timothy D and Iverson, Tina M and Allen, Toby W and Nimigean, Crina M},
title = {{Mechanism of potassium-channel selectivity revealed by Na+ and Li+ binding sites within the KcsA pore}},
journal = {Nat. Struct. Mol. Biol.},
year = {2009},
volume = {16},
number = {12},
pages = {1317--1324}
}

@article{Charalambous:2011dc,
author = {Charalambous, Kalypso and Wallace, B A},
title = {{NaChBac: the long lost sodium channel ancestor.}},
journal = {Biochemistry},
year = {2011},
volume = {50},
number = {32},
pages = {6742--6752},
month = aug
}

@article{Kratochvil:2016jx,
author = {Kratochvil, Huong T and Carr, Joshua K and Matulef, Kimberly and Annen, Alvin W and Li, Hui and Maj, Micha{\l} and Ostmeyer, Jared and Serrano, Arnaldo L and Raghuraman, H and Moran, Sean D and Skinner, J L and Perozo, Eduardo and Roux, Benoit and Valiyaveetil, Francis I and Zanni, Martin T},
title = {{Instantaneous ion configurations in the K+ ion channel selectivity filter revealed by 2D IR spectroscopy.}},
journal = {Science},
year = {2016},
volume = {353},
number = {6303},
pages = {1040--1044},
month = sep
}

@article{Kratochvil:2017ge,
author = {Kratochvil, Huong T and Maj, Micha{\l} and Matulef, Kimberly and Annen, Alvin W and Ostmeyer, Jared and Perozo, Eduardo and Roux, Benoit and Valiyaveetil, Francis I and Zanni, Martin T},
title = {{Probing the Effects of Gating on the Ion Occupancy of the K +Channel Selectivity Filter Using Two-Dimensional Infrared Spectroscopy}},
journal = {J. Am. Chem. Soc.},
year = {2017},
pages = {jacs.7b01594--9},
month = may
}

@article{Andersen:1992tf,
author = {Andersen, O S and Koeppe, R E},
title = {{Molecular determinants of channel function.}},
journal = {Physiological Reviews},
year = {1992},
volume = {72},
number = {4 Suppl},
pages = {S89--158},
month = oct
}

@article{Rollings:2016hz,
author = {Rollings, Ryan C and Kuan, Aaron T and Golovchenko, Jene A},
title = {{Ion selectivity of graphene nanopores}},
journal = {Nat. Commun.},
year = {2016},
volume = {7},
pages = {11408},
month = apr
}

@article{He:2013it,
author = {He, Zhongjin and Zhou, Jian and Lu, Xiaohua and Corry, Ben},
title = {{Bioinspired Graphene Nanopores with Voltage-Tunable Ion Selectivity for Na+ and K+}},
journal = {ACS Nano},
year = {2013},
volume = {7},
number = {11},
pages = {10148--10157},
month = nov,
annote = {Biomimetic graphene pores that mimic the carboxylate and carbonyl rings of the NavAb and KcsA selectivity filters are simulated in the presence of both ion species at a range of applied voltages. It is observed that the 4COO nanopore is K+ selective at zero voltage by a factor of 2 and the 4CO nanopore is selective by a factor of 2. A novel 3COO pore with reduced pore diameter is found to be selective for K+ when carboxylate sidechains are outfacing and Na+ selective when they are in a "dunked" conformation. The selectivity of the 3COO pore is modulated by applied voltage.}
}

@article{Neyton:1988vv,
author = {Neyton, Jacques and Miller, Christopher},
title = {{Potassium blocks barium permeation through a calcium-activated potassium channel.}},
journal = {J. Gen. Physiol.},
year = {1988},
volume = {92},
number = {5},
pages = {549--567}
}

@article{Terlau:1991ud,
author = {Terlau, Heinrich and Heinemann, Stefan H and St{\"u}hmer, Walter and Pusch, Michael and Conti, Franco and Imoto, Keiji and Numa, Shosaku},
title = {{Mapping the site of block by tetrodotoxin and saxitoxin of sodium channel II}},
journal = {FEBS Lett.},
year = {1991},
volume = {293},
number = {1{\textendash}2},
pages = {93--96}
}

@article{Varma:2011gn,
author = {Varma, S and Rogers, D M and Pratt, L R and Rempe, S B},
title = {{Perspectives on: Ion selectivity: Design principles for K+ selectivity in membrane transport}},
journal = {J. Gen. Physiol.},
year = {2011},
volume = {137},
number = {6},
pages = {479--488},
month = may
}

@book{Hille:2001tw,
author = {Hille, Bertil},
title = {{Ion channels of excitable membranes}},
publisher = {Sinauer Sunderland, MA},
year = {2001},
edition = {3rd}
}

@article{Cuello:2010kf,
author = {Cuello, Luis G and Jogini, Vishwanath and Cortes, D Marien and Pan, Albert C and Gagnon, Dominique G and Dalmas, Olivier and Cordero-Morales, Julio F and Chakrapani, Sudha and Roux, Benoit and Perozo, Eduardo},
title = {{Structural basis for the coupling between activation and inactivation gates in K(+) channels.}},
journal = {Nature},
year = {2010},
volume = {466},
number = {7303},
pages = {272--275},
month = jul
}

@article{Tomczak:2017gf,
author = {Tomczak, Adam P and Fern{\'a}ndez-Trillo, Jorge and Bharill, Shashank and Papp, Ferenc and Panyi, Gyorgy and St{\"u}hmer, Walter and Isacoff, Ehud Y and Pardo, Luis A},
title = {{A new mechanism of voltage-dependent gating exposed by Kv10.1 channels interrupted between voltage sensor and pore}},
journal = {J. Gen. Physiol.},
year = {2017},
volume = {149},
number = {5},
pages = {577--593},
month = may
}

@article{Roux:2011ed,
author = {Roux, Benoit and Bern{\`e}che, Simon and Egwolf, B and Lev, B and Noskov, S Y and Rowley, C N and Yu, H},
title = {{Perspectives on: Ion selectivity: Ion selectivity in channels and transporters}},
journal = {J. Gen. Physiol.},
year = {2011},
volume = {137},
number = {5},
pages = {415--426},
month = apr
}

@article{Egwolf:2010ki,
author = {Egwolf, Bernhard and Roux, Benoit},
title = {{Ion Selectivity of the KcsA Channel: A Perspective from Multi-Ion Free Energy Landscapes}},
journal = {J. Mol. Bio.},
year = {2010},
volume = {401},
number = {5},
pages = {831--842},
month = sep
}

@article{Chavent:2016cq,
author = {Chavent, Matthieu and Duncan, Anna L and Sansom, Mark SP},
title = {{Molecular dynamics simulations of membrane proteins and their interactions: from nanoscale to mesoscale}},
journal = {Curr. Opin. Struc. Biol.},
year = {2016},
volume = {40},
pages = {8--16},
month = oct
}

@article{Yue:2002ee,
author = {Yue, L},
title = {{The Cation Selectivity Filter of the Bacterial Sodium Channel, NaChBac}},
journal = {J. Gen. Physiol.},
year = {2002},
volume = {120},
number = {6},
pages = {845--853},
month = nov
}

@article{Loura:2011ig,
author = {Loura, Lu{\'\i}s M S and Prieto, Manuel},
title = {{FRET in Membrane Biophysics: An Overview.}},
journal = {Frontiers in Physiology},
year = {2011},
volume = {2},
pages = {82}
}

@article{Alam:2007wj,
author = {Alam, Amer and Shi, Ning and Jiang, Youxing},
title = {{Structural insight into Ca2+ specificity in tetrameric cation channels}},
year = {2007}
}

@article{B:2014fk,
author = {B, Corry and S, Lee and CA, Ahern},
title = {{Pharmacological insights and quirks of bacterial sodium channels.}},
journal = {Handb Exp Pharmacol},
year = {2014},
volume = {221},
number = {Chapter 12},
pages = {251--267}
}

@article{MacKerell:1998tp,
author = {MacKerell, Alexander D and Bashford, Donald and Bellott, M and Dunbrack, R L and Evanseck, J D and Field, Martin J and Fischer, Stefan and Gao, Jiali and Guo, H and Ha, S a},
title = {{All-atom empirical potential for molecular modeling and dynamics studies of proteins}},
journal = {J. Phys. Chem. B},
year = {1998},
volume = {102},
number = {18},
pages = {3586--3616}
}

@article{Almeida:2017kq,
author = {Almeida, Jose G and Preto, Antonio J and Koukos, Panagiotis I and Bonvin, Alexandre M J J and Moreira, Irina S},
title = {{Membrane proteins structures: A review on computational modeling tools}},
journal = {Biochim. Biophys. Acta, Biomembr.},
year = {2017},
volume = {1859},
number = {10},
pages = {2021--2039},
month = oct
}

@article{Hodgkin:1952tr,
author = {Hodgkin, A L and Huxley, A F},
title = {{The dual effect of membrane potential on sodium conductance in the giant axon of Loligo}},
journal = {J. Physiol.},
year = {1952},
volume = {116},
number = {4},
pages = {497--506},
month = apr
}

@article{Varma:2007ws,
author = {Varma, Sameer and Rempe, Susan B},
title = {{Tuning Ion Coordination Architectures to Enable Selective Partitioning}},
journal = {Biophys. J.},
year = {2007},
volume = {93},
number = {4},
pages = {1093--1099},
month = aug
}

@incollection{Fleming:2016hi,
author = {Fleming, Karen G},
title = {{Applications of Analytical Ultracentrifugation to Membrane Proteins}},
booktitle = {Analytical Ultracentrifugation},
year = {2016},
pages = {311--327},
publisher = {Springer, Tokyo},
address = {Tokyo}
}

@article{Cuello:2010cm,
author = {Cuello, Luis G and Jogini, Vishwanath and Cortes, D Marien and Sompornpisut, Amornrat and Purdy, Michael D and Wiener, Michael C and Perozo, Eduardo},
title = {{Design and characterization of a constitutively open KcsA}},
journal = {FEBS Lett.},
year = {2010},
volume = {584},
number = {6},
pages = {1133--1138},
month = mar
}

@article{Roux:2005kd,
author = {Roux, Benoit},
title = {{Ion Conduction and Selectivity in K+ Channels}},
journal = {Annu. Rev. Biophys. Biomol. Struct.},
year = {2005},
volume = {34},
number = {1},
pages = {153--171},
month = jun
}

@article{Widmark:2010in,
author = {Widmark, J and Sundstrom, G and Ocampo Daza, D and Larhammar, D},
title = {{Differential Evolution of Voltage-Gated Sodium Channels in Tetrapods and Teleost Fishes}},
journal = {Molecular Biology and Evolution},
year = {2010},
volume = {28},
number = {1},
pages = {859--871},
month = dec
}

@article{Hodgkin:1952wq,
author = {Hodgkin, A L and Huxley, A F},
title = {{Propagation of electrical signals along giant nerve fibres}},
journal = {Proceedings of the Royal Society of London. Series B, Biological Sciences},
year = {1952},
volume = {140},
number = {899},
pages = {177--183}
}

@article{Bezanilla:1972uz,
author = {Bezanilla, Francisco and Armstrong, Clay M},
title = {{Negative conductance caused by entry of sodium and cesium ions into the potassium channels of squid axons}},
journal = {J. Gen. Physiol.},
year = {1972},
volume = {60},
number = {5},
pages = {588--608}
}

@article{Fiser:2003we,
author = {Fiser, A and {\v{S}}ali, A},
title = {{Modeller: Generation and Refinement of Homology-Based Protein Structure Models}},
journal = {Methods in enzymology},
year = {2003},
volume = {374},
pages = {461--491}
}

@book{PebayPeyroula:2008wv,
author = {Pebay-Peyroula, Eva},
title = {{Biophysical Analysis of Membrane Proteins}},
publisher = {John Wiley {\&} Sons},
year = {2008},
series = {Investigating Structure and Function},
month = jun
}

@article{Hauser:1973ul,
author = {Hauser, H and Oldani, D and Phillips, M C},
title = {{Mechanism of ion escape from phosphatidylcholine and phosphatidylserine single bilayer vesicles.}},
journal = {Biochemistry},
year = {1973},
volume = {12},
number = {22},
pages = {4507--4517},
month = oct
}

@article{Chakrabarti:2013kd,
author = {Chakrabarti, N and Ing, C and Payandeh, J and Zheng, Ning and Catterall, William A and Pom{\`e}s, R{\'e}gis},
title = {{Catalysis of Na+ permeation in the bacterial sodium channel NaVAb}},
journal = {Proc. Natl. Acad. Sci. U. S. A.},
year = {2013},
volume = {110},
number = {28},
pages = {11331--11336}
}

@article{Kruger:2016ha,
author = {Kruger, Larisa C and Isom, Lori L},
title = {{Voltage-Gated Na +Channels: Not Just for Conduction}},
journal = {Cold Spring Harbor Perspectives in Biology},
year = {2016},
volume = {8},
number = {6},
pages = {a029264--15},
month = jun
}

@incollection{Ing:2016em,
author = {Ing, C and Pom{\`e}s, R},
title = {{Simulation Studies of Ion Permeation and Selectivity in Voltage-Gated Sodium Channels}},
booktitle = {Current Topics in Membranes},
year = {2016},
pages = {215--260},
publisher = {Elsevier}
}

@article{Noda:1987gc,
author = {Noda, Masaharu and Numa, Shosaku},
title = {{Structure and Function of Sodium Channel}},
journal = {Journal of Receptors and Signal Transduction},
year = {1987},
volume = {7},
number = {1-4},
pages = {467--497},
month = jan
}

@article{Kastner:2011ft,
author = {K{\"a}stner, Johannes},
title = {{Umbrella sampling}},
journal = {WIREs Comput Mol Sci},
year = {2011},
volume = {1},
number = {6},
pages = {932--942},
month = may
}

@article{Nimigean:2011ww,
author = {Nimigean, Crina M and Allen, Toby W},
title = {{Origins of ion selectivity in potassium channels from the perspective of channel block}},
journal = {J. Gen. Physiol.},
year = {2011},
volume = {137},
number = {5},
pages = {405--413},
month = may
}

@article{T:2014eg,
author = {T, Scheuer},
title = {{Bacterial sodium channels: models for eukaryotic sodium and calcium channels.}},
journal = {Handb Exp Pharmacol},
year = {2014},
volume = {221},
number = {Chapter 13},
pages = {269--291}
}

@article{Tikhonov:2012hq,
author = {Tikhonov, D B and Zhorov, B S},
title = {{Architecture and Pore Block of Eukaryotic Voltage-Gated Sodium Channels in View of NavAb Bacterial Sodium Channel Structure}},
journal = {Molecular Pharmacology},
year = {2012},
volume = {82},
number = {1},
pages = {97--104},
month = jun
}

@article{Jiang:2003vh,
author = {Jiang, Youxing and Lee, Alice and Chen, Jiayun and Ruta, Vanessa and Cadene, Martine and Chait, Brian T and Mackinnon, Roderick},
title = {{X-ray structure of a voltage-dependent K+ channel}},
journal = {Nature},
year = {2003},
volume = {423},
number = {6935},
pages = {33--41}
}

@article{Alam:2011ud,
author = {Alam, Amer and Jiang, Youxing},
title = {{Structural studies of ion selectivity in tetrameric cation channels}},
journal = {J. Gen. Physiol.},
year = {2011},
volume = {137},
number = {5},
pages = {397--403},
month = may
}

@article{Whicher:2016ix,
author = {Whicher, Jonathan R and Mackinnon, Roderick},
title = {{Structure of the voltage-gated K+ channel Eag1 reveals an alternative voltage sensing mechanism.}},
journal = {Science},
year = {2016},
volume = {353},
number = {6300},
pages = {664--669},
month = aug
}

@article{Andersen:2011ty,
author = {Andersen, Olaf S},
title = {{Perspectives on: Ion selectivity}},
journal = {J. Gen. Physiol.},
year = {2011},
volume = {137},
pages = {393--395}
}

@article{Kuang:2015jn,
author = {Kuang, Qie and Purhonen, Pasi and Hebert, Hans},
title = {{Structure of potassium channels}},
journal = {Cellular and Molecular Life Sciences},
year = {2015},
volume = {72},
number = {19},
pages = {3677--3693},
month = jun
}

@article{Zhou:2004tc,
author = {Zhou, Wei and Chung, Inbum and Liu, Zhiqi and Goldin, Alan L and Dong, Ke},
title = {{A voltage-gated calcium-selective channel encoded by a sodium channel-like gene.}},
journal = {Neuron},
year = {2004},
volume = {42},
number = {1},
pages = {101--112},
month = apr
}

@article{Catterall:2012fh,
author = {Catterall, W A},
title = {{Voltage-gated sodium channels at 60: structure, function and pathophysiology}},
journal = {J. Physiol.},
year = {2012},
volume = {590},
number = {11},
pages = {2577--2589},
month = jun
}

@article{Catterall:2014eq,
author = {Catterall, William A},
title = {{Sodium Channels, Inherited Epilepsy, and Antiepileptic Drugs}},
journal = {Annu. Rev. Pharmacol. Toxicol.},
year = {2014},
volume = {54},
number = {1},
pages = {317--338},
month = jan
}

@article{Irie:2012dn,
author = {Irie, Katsumasa and Shimomura, Takushi and Fujiyoshi, Yoshinori},
title = {{The C-terminal helical bundle of the tetrameric prokaryotic sodium channel accelerates the inactivation rate}},
journal = {Nat. Commun.},
year = {2012},
volume = {3},
pages = {793},
month = apr
}

@article{Koishi:2004hy,
author = {Koishi, R and Xu, H and Ren, D and Navarro, B and Spiller, B W and Shi, Q and Clapham, D E},
title = {{A Superfamily of Voltage-gated Sodium Channels in Bacteria}},
journal = {J. Biol. Chem.},
year = {2004},
volume = {279},
number = {10},
pages = {9532--9538},
month = feb
}

@article{Corry:2012ge,
author = {Corry, Ben and Thomas, Michael},
title = {{Mechanism of Ion Permeation and Selectivity in a Voltage Gated Sodium Channel}},
journal = {J. Am. Chem. Soc.},
year = {2012},
volume = {134},
number = {3},
pages = {1840--1846},
month = jan,
annote = {Corry et al. describe off-center binding of Na+ and K+ in the selectivity of the channel at the E177 site. This off-center binding implicates a mechanism for selectivity where K+ cannot move through this site in an optimal geometry, wherein two water molecules that act as a bridge to adjacet carboxylate oxygens in the second shell. Aspects of this size exclusion mechanism are tested using model selectivity filters of varying radius. In these models, potential of mean force calculations indicate that smaller Glu rings are selective for sodium over potassium.}
}

@article{Shaya:2014gg,
author = {Shaya, David and Findeisen, Felix and Abderemane-Ali, Fayal and Arrigoni, Cristina and Wong, Stephanie and Nurva, Shailika Reddy and Loussouarn, Gildas and Minor Jr, Daniel L},
title = {{Structure of a Prokaryotic Sodium Channel Pore Reveals Essential Gating Elements and an Outer Ion Binding Site Common to Eukaryotic Channels}},
journal = {J. Mol. Bio.},
year = {2014},
volume = {426},
number = {2},
pages = {467--483},
month = jan
}

@article{Yu:2005th,
author = {Yu, F H},
title = {{Overview of Molecular Relationships in the Voltage-Gated Ion Channel Superfamily}},
journal = {Pharmacological Reviews},
year = {2005},
volume = {57},
number = {4},
pages = {387--395}
}

@article{Catterall:2011db,
author = {Catterall, W A},
title = {{Voltage-Gated Calcium Channels}},
journal = {Cold Spring Harbor Perspectives in Biology},
year = {2011},
volume = {3},
number = {8},
pages = {a003947--a003947},
month = aug
}

@article{Yang:1993ux,
author = {Yang, J and Elllnor, P T and Sather, W A and Zhang, JIF and Tsien, R W},
title = {{Molecular determinants of Ca2+ selectivity and ion permeation in L-type Ca2+ channels}},
journal = {Nature},
year = {1993}
}

@article{Chowdhury:2012fj,
author = {Chowdhury, S and Chanda, B},
title = {{Perspectives on: Conformational coupling in ion channels: Thermodynamics of electromechanical coupling in voltage-gated ion channels}},
journal = {J. Gen. Physiol.},
year = {2012},
volume = {140},
number = {6},
pages = {613--623},
month = nov
}

@article{Nimigean:2002fp,
author = {Nimigean, C M},
title = {{Na+ Block and Permeation in a K+ Channel of Known Structure}},
journal = {J. Gen. Physiol.},
year = {2002},
volume = {120},
number = {3},
pages = {323--335},
month = aug
}

@article{Li:2017ex,
author = {Li, Minghui and Zhou, Xiaoyuan and Wang, Shu and Michailidis, Ioannis and Gong, Ye and Su, Deyuan and Li, Huan and Li, Xueming and Yang, Jian},
title = {{Structure of a eukaryotic cyclic- nucleotide-gated channel}},
journal = {Nature},
year = {2017},
volume = {542},
number = {7639},
pages = {60--65},
month = feb
}

@article{Thomas:2013bb,
author = {Thomas, Michael and Jayatilaka, Dylan and Ben Corry},
title = {{How does overcoordination create ion selectivity?}},
journal = {Biophysical Chemistry},
year = {2013},
volume = {172},
number = {C},
pages = {37--42},
month = feb
}

@article{Sakmann:1984cc,
author = {Sakmann, B and Neher, E},
title = {{Patch clamp techniques for studying ionic channels in excitable membranes.}},
journal = {Annu. Rev. Physiol.},
year = {1984},
volume = {46},
number = {1},
pages = {455--472}
}

@article{Dixit:2009fo,
author = {Dixit, Purushottam D and Merchant, Safir and Asthagiri, D},
title = {{Ion selectivity in the KcsA potassium channel from the perspective of the ion binding site.}},
journal = {Biophys. J.},
year = {2009},
volume = {96},
number = {6},
pages = {2138--2145},
month = mar
}

@article{Latorre:1983wk,
author = {Latorre, R and Miller, C},
title = {{Conduction and selectivity in potassium channels.}},
journal = {J. Membrane Biol.},
year = {1983},
volume = {71},
number = {1-2},
pages = {11--30}
}

@article{Paula:1996dn,
author = {Paula, S and Volkov, A G and Van Hoek, A N and Haines, T H and Deamer, D W},
title = {{Permeation of protons, potassium ions, and small polar molecules through phospholipid bilayers as a function of membrane thickness}},
journal = {Biophys. J.},
year = {1996},
volume = {70},
number = {1},
pages = {339--348},
month = jan
}

@article{Essmann:1995vj,
author = {Essmann, U and Perera, L and Berkowitz, M L and Darden, T and Lee, H and Pederson, L G},
title = {{A Smooth particle mesh Ewald method}},
journal = {J. Chem. Phys.},
year = {1995},
volume = {103},
number = {19},
pages = {8577--8593}
}

@article{Hoover:1985wf,
author = {Hoover, William G},
title = {{Canonical dynamics: equilibrium phase-space distributions}},
journal = {Phys. Rev. A},
year = {1985},
volume = {31},
number = {3},
pages = {1695}
}

@article{Darden:1993vu,
author = {Darden, T and York, D and Pedersen, L},
title = {{Particle mesh Ewald: An N?log(N) method for Ewald sums in large systems}},
journal = {J. Chem. Phys.},
year = {1993},
volume = {98},
number = {12},
pages = {10089--10092}
}

@article{Jorgensen:1983ty,
author = {Jorgensen, WL and Chandrasekhar, J and Madura, J D and Impey, R W and Klein, ML},
title = {{Comparison of Simple Potential Functions for Simulating Liquid Water}},
journal = {J. Chem. Phys.},
year = {1983},
volume = {79},
number = {2},
pages = {926--935}
}

@book{Rettinger:2016uc,
author = {Rettinger, J{\"u}rgen and Schwarz, Silvia and Schwarz, Wolfgang},
title = {{Electrophysiology}},
publisher = {Springer},
year = {2016},
series = {Basics, Modern Approaches and Applications},
month = jun
}

@article{JurkatRott:2010eo,
author = {Jurkat-Rott, Karin and Holzherr, Boris and Fauler, Michael and Lehmann-Horn, Frank},
title = {{Sodium channelopathies of skeletal muscle result from gain or loss of function}},
journal = {Pflugers Arch - Eur J Physiol},
year = {2010},
volume = {460},
number = {2},
pages = {239--248},
month = mar
}

@article{Wang:2017kg,
author = {Wang, Weiwei and Mackinnon, Roderick},
title = {{Cryo-EM Structure of the Open Human Ether-{\`a}-go-go-Related K(+) Channel hERG.}},
journal = {Cell},
year = {2017},
volume = {169},
number = {3},
pages = {422--430.e10},
month = apr
}

@article{Yu:2010dj,
author = {Yu, H and Noskov, S Y and Roux, Benoit},
title = {{Two mechanisms of ion selectivity in protein binding sites}},
journal = {Proc. Natl. Acad. Sci. U. S. A.},
year = {2010},
volume = {107},
number = {47},
pages = {20329--20334}
}

@article{Ngo:2016es,
author = {Ngo, Van and Wang, Yibo and Haas, Stephan and Noskov, Sergei Y and Farley, Robert A},
title = {{K+ Block Is the Mechanism of Functional Asymmetry in Bacterial Nav Channels}},
journal = {PLoS Comput Biol},
year = {2016},
volume = {12},
number = {1},
pages = {e1004482},
month = jan
}

@article{Roux:1995js,
author = {Roux, Benoit},
title = {{The calculation of the potential of mean force using computer simulations}},
journal = {Comput Phys Commun},
year = {1995},
volume = {91},
number = {1-3},
pages = {275--282},
month = sep
}

@article{Tanford:1978uu,
author = {Tanford, C},
title = {{The hydrophobic effect and the organization of living matter.}},
journal = {Science},
year = {1978},
volume = {200},
number = {4345},
pages = {1012--1018},
month = jun
}

@article{Roux:2000hj,
author = {Roux, Benoit and Bern{\`e}che, Simon and Im, Wonpil},
title = {{Ion Channels, Permeation, and Electrostatics: Insight into the Function of KcsA}},
journal = {Biochemistry},
year = {2000},
volume = {39},
number = {44},
pages = {13295--13306},
month = nov
}

@article{Kintzer:2016eu,
author = {Kintzer, Alexander F and Stroud, Robert M},
title = {{Structure, inhibition and regulation of two-pore channel TPC1 from Arabidopsis thaliana}},
journal = {Nature},
year = {2016},
volume = {531},
number = {7593},
pages = {258--264},
month = mar
}

@article{Lockless:2007ex,
author = {Lockless, Steve W and Zhou, Ming and Mackinnon, Roderick},
title = {{Structural and thermodynamic properties of selective ion binding in a K+ channel}},
journal = {PLoS Biol},
year = {2007},
volume = {5},
number = {5},
pages = {e121}
}

@article{Payandeh:2015hz,
author = {Payandeh, Jian and Minor Jr, Daniel L},
title = {{Bacterial Voltage-Gated Sodium Channels (BacNaVs) from the Soil, Sea, and Salt Lakes Enlighten Molecular Mechanisms of Electrical Signaling and Pharmacology in the Brain and Heart}},
journal = {J. Mol. Bio.},
year = {2015},
volume = {427},
number = {1},
pages = {3--30},
month = jan
}

@article{Hodgkin:1952vd,
author = {Hodgkin, A L and Huxley, A F},
title = {{Currents carried by sodium and potassium ions through the membrane of the giant axon of Loligo}},
journal = {J. Physiol.},
year = {1952},
volume = {116},
number = {4},
pages = {449--472},
month = apr
}

@article{Bagneris:2014ks,
author = {Bagneris, C and DeCaen, P G and Naylor, C E and Pryde, D C and Nobeli, I and Clapham, D E and Wallace, B A},
title = {{Prokaryotic NavMs channel as a structural and functional model for eukaryotic sodium channel antagonism}},
journal = {Proc. Natl. Acad. Sci. U. S. A.},
year = {2014},
volume = {111},
number = {23},
pages = {8428--8433},
month = jun
}

@article{Schlief:1996tb,
author = {Schlief, T and Sch{\"o}nherr, R and Imoto, K and Heinemann, S H},
title = {{Pore properties of rat brain II sodium channels mutated in the selectivity filter domain.}},
journal = {Eur. Biophys. J.},
year = {1996},
volume = {25},
number = {2},
pages = {75--91}
}

@article{Long:2005hl,
author = {Long, Stephen B and Campbell, Ernest B and Mackinnon, Roderick},
title = {{Voltage sensor of Kv1.2: structural basis of electromechanical coupling.}},
journal = {Science},
year = {2005},
volume = {309},
number = {5736},
pages = {903--908},
month = aug
}

@article{Lam:2014gn,
author = {Lam, Y L and Zeng, W and Sauer, D B and Jiang, Y},
title = {{The conserved potassium channel filter can have distinct ion binding profiles: Structural analysis of rubidium, cesium, and barium binding in NaK2K}},
journal = {J. Gen. Physiol.},
year = {2014},
volume = {144},
number = {2},
pages = {181--192},
month = jul
}

@article{Jensen:2013gn,
author = {Jensen, M O and Jogini, V and Eastwood, M P and Shaw, D E},
title = {{Atomic-level simulation of current-voltage relationships in single-file ion channels}},
journal = {J. Gen. Physiol.},
year = {2013},
volume = {90},
number = {10},
pages = {3447},
month = apr
}

@article{Lee:2017ix,
author = {Lee, Chia-Hsueh and Mackinnon, Roderick},
title = {{Structures of the Human HCN1 Hyperpolarization-Activated Channel.}},
journal = {Cell},
year = {2017},
volume = {168},
number = {1-2},
pages = {111--120.e11},
month = jan
}

@article{Andersen:1983bl,
author = {Andersen, O S},
title = {{Ion movement through gramicidin A channels. Studies on the diffusion-controlled association step}},
journal = {Biophys. J.},
year = {1983},
volume = {41},
number = {2},
pages = {147--165},
month = feb
}

@article{Lee:2012bs,
author = {Lee, S and Goodchild, S J and Ahern, C A},
title = {{Local anesthetic inhibition of a bacterial sodium channel}},
journal = {J. Gen. Physiol.},
year = {2012},
volume = {139},
number = {6},
pages = {507--516},
month = may
}

@article{Mullins:1959bz,
author = {Mullins, L J},
title = {{THE PENETRATION OF SOME CATIONS INTO MUSCLE}},
journal = {J. Gen. Physiol.},
year = {1959},
volume = {42},
number = {4},
pages = {817--829},
month = mar
}

@article{Sokolov:2007kz,
author = {Sokolov, S and Kraus, R L and Scheuer, T and Catterall, W A},
title = {{Inhibition of Sodium Channel Gating by Trapping the Domain II Voltage Sensor with Protoxin II}},
journal = {Molecular Pharmacology},
year = {2007},
volume = {73},
number = {3},
pages = {1020--1028},
month = oct
}

@article{Senatore:2014jt,
author = {Senatore, Adriano and Guan, Wendy and Boone, Adrienne N and Spafford, J David},
title = {{T-type channels become highly permeable to sodium ions using an alternative extracellular turret region (S5-P) outside the selectivity filter.}},
journal = {J. Biol. Chem.},
year = {2014},
volume = {289},
number = {17},
pages = {11952--11969},
month = apr
}

@article{Senatore:2016jq,
author = {Senatore, Adriano and Raiss, Hamad and Le, Phuong},
title = {{Physiology and Evolution of Voltage-Gated Calcium Channels in Early Diverging Animal Phyla: Cnidaria, Placozoa, Porifera and Ctenophora}},
journal = {Frontiers in Physiology},
year = {2016},
volume = {7},
pages = {173}
}

@article{Ito:2004da,
author = {Ito, Masahiro and Xu, Haoxing and Guffanti, Arthur A and Wei, Yi and Zvi, Lior and Clapham, David E and Krulwich, Terry A},
title = {{The voltage-gated Na+ channel NaVBP has a role in motility, chemotaxis, and pH homeostasis of an alkaliphilic Bacillus.}},
journal = {Proc. Natl. Acad. Sci. U. S. A.},
year = {2004},
volume = {101},
number = {29},
pages = {10566--10571},
month = jul
}

@article{Hodgkin:1952uf,
author = {Hodgkin, A L and Huxley, A F},
title = {{The components of membrane conductance in the giant axon of Loligo}},
journal = {J. Physiol.},
year = {1952},
volume = {116},
number = {4},
pages = {473--496},
month = apr
}

@article{GoldschenOhm:2017hx,
author = {Goldschen-Ohm, Marcel P and Chanda, Baron},
title = {{SnapShot: Channel Gating Mechanisms}},
journal = {Cell},
year = {2017},
volume = {170},
number = {3},
pages = {594--594.e1},
month = jul,
annote = {doi: 10.1016/j.cell.2017.07.019}
}

@article{Zhou:2001vo,
author = {Zhou, Yufeng and Morais-Cabral, Jo{\~a}o H and Kaufman, Amelia and Mackinnon, Roderick},
title = {{Chemistry of ion coordination and hydration revealed by a K+ channel{\textendash}Fab complex at 2.0 {\AA} resolution}},
journal = {Nature},
year = {2001},
volume = {414},
number = {6859},
pages = {43--48}
}

@article{McCusker:2012di,
author = {McCusker, Emily C and Bagn{\'e}ris, Claire and Naylor, Claire E and Cole, Ambrose R and D'Avanzo, Nazzareno and Nichols, Colin G and Wallace, B A},
title = {{Structure of a bacterial voltage-gated sodium channel pore reveals mechanisms of opening and closing}},
journal = {Nat. Commun.},
year = {2012},
volume = {3},
number = {1102},
pages = {1--8}
}

@article{Wu:2015bb,
author = {Wu, Jianping and Yan, Zhen and Li, Zhangqiang and Yan, Chuangye and Lu, Shan and Dong, Mengqiu and Yan, Nieng},
title = {{Structure of the voltage-gated calcium channel Cav1.1 complex}},
journal = {Science},
year = {2015},
volume = {350},
number = {6267},
pages = {1--10},
month = dec
}

@article{Colquhoun:2012jm,
author = {Colquhoun, D and Lape, R},
title = {{Perspectives on: Conformational coupling in ion channels: Allosteric coupling in ligand-gated ion channels}},
journal = {J. Gen. Physiol.},
year = {2012},
volume = {140},
number = {6},
pages = {599--612},
month = nov
}

@article{Lane:2012ds,
author = {Lane, Nick and Martin, William F},
title = {{The Origin of Membrane Bioenergetics}},
journal = {Cell},
year = {2012},
volume = {151},
number = {7},
pages = {1406--1416},
month = dec
}

@article{FernandezMarino:2018vw,
author = {Fern{\'a}ndez-Mari{\~n}o, Ana I and Harpole, Tyler J and Oelstrom, Kevin and Delemotte, Lucie and Chanda, Baron},
title = {{Gating interaction maps reveal a noncanonical electromechanical coupling mode in the Shaker K+ channel}},
journal = {Nature Structural {\&}amp; Molecular Biology},
year = {2018},
volume = {25},
number = {4},
pages = {320--326}
}

@article{Jensen:2012ee,
author = {Jensen, M O and Jogini, V and Borhani, D W and Leffler, A E and Dror, R O and Shaw, D E},
title = {{Mechanism of Voltage Gating in Potassium Channels}},
journal = {Science},
year = {2012},
volume = {336},
number = {6078},
pages = {229--233},
month = apr
}

@book{Zheng:2015vj,
author = {Zheng, Jie and Trudeau, Matthew C},
title = {{Handbook of Ion Channels}},
publisher = {CRC Press},
year = {2015},
month = feb
}

@article{Noskov:2004tv,
author = {Noskov, Sergei Yu and Bern{\`e}che, Simon and Roux, Benoit},
title = {{Control of ion selectivity in potassium channels by electrostatic and dynamic properties of carbonyl ligands}},
journal = {Nature},
year = {2004},
volume = {431},
number = {7010},
pages = {830--834}
}

@article{Tao:2017fu,
author = {Tao, Xiao and Hite, Richard K and Mackinnon, Roderick},
title = {{Cryo-EM structure of the open high-conductance Ca(2+)-activated K(+) channel.}},
journal = {Nature},
year = {2017},
volume = {541},
number = {7635},
pages = {46--51},
month = jan
}

@article{Hess:2008db,
author = {Hess, Berk and Kutzner, Carsten and van der Spoel, David and Lindahl, Erik},
title = {{GROMACS 4:~ Algorithms for Highly Efficient, Load-Balanced, and Scalable Molecular Simulation}},
journal = {J. Chem. Theory Comput.},
year = {2008},
volume = {4},
number = {3},
pages = {435--447},
month = mar
}

@article{Hess:2008fl,
author = {Hess, Berk},
title = {{P-LINCS:~ A Parallel Linear Constraint Solver for Molecular Simulation}},
journal = {J. Chem. Theory Comput.},
year = {2008},
volume = {4},
number = {1},
pages = {116--122},
month = jan
}

@article{Verlet:1967cm,
author = {Verlet, Loup},
title = {{Computer "Experiments" on Classical Fluids. I. Thermodynamical Properties of Lennard-Jones Molecules}},
journal = {Phys. Rev.},
year = {1967},
volume = {159},
number = {1},
pages = {98--103},
month = jul
}

@article{Liu:2012kf,
author = {Liu, S and Bian, X and Lockless, S W},
title = {{Preferential binding of K+ ions in the selectivity filter at equilibrium explains high selectivity of K+ channels}},
journal = {J. Gen. Physiol.},
year = {2012},
volume = {140},
number = {6},
pages = {671--679},
month = nov
}

@article{Zhou:2003hi,
author = {Zhou, Yufeng and Mackinnon, Roderick},
title = {{The Occupancy of Ions in the K+ Selectivity Filter: Charge Balance and Coupling of Ion Binding to a Protein Conformational Change Underlie High Conduction Rates}},
journal = {J. Mol. Bio.},
year = {2003},
volume = {333},
number = {5},
pages = {965--975},
month = nov
}

@article{Furini:2012jl,
author = {Furini, Simone and Domene, Carmen},
title = {{On Conduction in a Bacterial Sodium Channel}},
journal = {PLoS Comput Biol},
year = {2012},
volume = {8},
number = {4},
pages = {e1002476},
month = apr
}

@book{Lacapere:2010fl,
editor = {Lacap{\`e}re, Jean-Jacques},
title = {{Membrane Protein Structure Determination}},
publisher = {Humana Press},
year = {2010},
volume = {654},
series = {Methods in Molecular Biology},
address = {Totowa, NJ}
}

@article{Ke:2014fy,
author = {Ke, Song and Timin, E N and Stary-Weinzinger, Anna},
title = {{Different Inward and Outward Conduction Mechanisms in Na$_{V}$Ms Suggested by Molecular Dynamics Simulations}},
journal = {PLoS Comput Biol},
year = {2014},
volume = {10},
number = {7},
pages = {e1003746},
month = jul
}

@article{Long:2007cv,
author = {Long, Stephen B and Tao, Xiao and Campbell, Ernest B and Mackinnon, Roderick},
title = {{Atomic structure of a voltage-dependent K+ channel in a lipid membrane-like environment}},
journal = {Nature},
year = {2007},
volume = {450},
number = {7168},
pages = {376--382},
month = nov
}

@article{Tian:2013er,
author = {Tian, Chuan and Zhu, Ruixin and Zhu, Lixin and Qiu, Tianyi and Cao, Zhiwei and Kang, Tingguo},
title = {{Potassium Channels: Structures, Diseases, and Modulators}},
journal = {Chem Biol Drug Des},
year = {2013},
volume = {83},
number = {1},
pages = {1--26},
month = dec
}

@article{Pettersen:2004kh,
author = {Pettersen, Eric F and Goddard, Thomas D and Huang, Conrad C and Couch, Gregory S and Greenblatt, Daniel M and Meng, Elaine C and Ferrin, Thomas E},
title = {{UCSF Chimera--a visualization system for exploratory research and analysis.}},
journal = {J. Comp. Chem.},
year = {2004},
volume = {25},
number = {13},
pages = {1605--1612},
month = oct
}

@article{Mio:2010cb,
author = {Mio, Kazuhiro and Mio, Muneyo and Arisaka, Fumio and Sato, Masahiko and Sato, Chikara},
title = {{The C-terminal coiled-coil of the bacterial voltage-gated sodium channel NaChBac is not essential for tetramer formation, but stabilizes subunit-to-subunit interactions.}},
journal = {Progress in Biophysics and Molecular Biology},
year = {2010},
volume = {103},
number = {1},
pages = {111--121},
month = sep
}

@article{Landreh:2014fs,
author = {Landreh, Michael and Robinson, Carol V},
title = {{A new window into the molecular physiology of membrane proteins}},
journal = {J. Physiol.},
year = {2014},
volume = {593},
number = {2},
pages = {355--362},
month = dec
}

@article{Guy:1986bl,
author = {Guy, H R and Seetharamulu, P},
title = {{Molecular model of the action potential sodium channel.}},
journal = {Proc. Natl. Acad. Sci. U. S. A.},
year = {1986},
volume = {83},
number = {2},
pages = {508--512},
month = jan
}

@article{Sula:2017hu,
author = {Sula, Altin and Booker, Jennifer and Ng, Leo C T and Naylor, Claire E and DeCaen, Paul G and Wallace, B A},
title = {{The complete structure of an activated open sodium channel.}},
journal = {Nat. Commun.},
year = {2017},
volume = {8},
pages = {14205},
month = feb
}

@article{Allen:2004vs,
author = {Allen, Toby W and Andersen, Olaf S and Roux, Benoit},
title = {{Energetics of ion conduction through the gramicidin channel}},
journal = {Proc. Natl. Acad. Sci. U. S. A.},
year = {2004},
volume = {101},
number = {1},
pages = {117--122}
}

@article{Mahdavi:2015gs,
author = {Mahdavi, Somayeh and Kuyucak, Serdar},
title = {{Mechanism of Ion Permeation in Mammalian Voltage-Gated Sodium Channels}},
journal = {PLos One},
year = {2015},
volume = {10},
number = {8},
pages = {e0133000},
month = aug
}

@article{Catterall:2008bz,
author = {Catterall, W A and Dib-Hajj, S and Meisler, M H and Pietrobon, D},
title = {{Inherited Neuronal Ion Channelopathies: New Windows on Complex Neurological Diseases}},
journal = {Journal of Neuroscience},
year = {2008},
volume = {28},
number = {46},
pages = {11768--11777},
month = nov
}

@article{Hille:1972wz,
author = {Hille, Bertil},
title = {{The Permeability of the Sodium Channel to Metal Cations in Myelinated Nerve}},
journal = {J. Gen. Physiol.},
year = {1972},
volume = {59},
number = {6},
pages = {637--658},
month = jun
}

@article{Catterall:2015dh,
author = {Catterall, William A and Zheng, Ning},
title = {{Deciphering voltage-gated Na+ and Ca2+ channels by studying prokaryotic ancestors}},
journal = {Trends in Biochemical Sciences},
year = {2015},
volume = {40},
number = {9},
pages = {526--534},
month = aug
}

@article{Eisenman:2011wp,
author = {Eisenman, George},
title = {{Ion selectivity of proteins: lessons from molecular dynamics simulations on valinomycin}},
journal = {J. Gen. Physiol.},
year = {2011},
volume = {138},
number = {3},
pages = {375--375},
month = sep
}

@article{Noda:1986ct,
author = {Noda, M and Ikeda, T and Suzuki, H and Takeshima, H and Takahashi, T and Kuno, M and Numa, S},
title = {{Expression of functional sodium channels from cloned cDNA.}},
journal = {Nature},
year = {1986},
volume = {322},
number = {6082},
pages = {826--828},
month = sep
}

@article{Dudev:2012kl,
author = {Dudev, Todor and Lim, Carmay},
title = {{Competition among Ca 2+, Mg 2+, and Na +for Model Ion Channel Selectivity Filters: Determinants of Ion Selectivity}},
journal = {J. Phys. Chem. B},
year = {2012},
pages = {120823140815006},
month = aug
}

@article{Liebeskind:2011dn,
author = {Liebeskind, Benjamin J and Hillis, David M and Zakon, Harold H},
title = {{Evolution of sodium channels predates the origin of nervous systems in animals.}},
journal = {Proc. Natl. Acad. Sci. U. S. A.},
year = {2011},
volume = {108},
number = {22},
pages = {9154--9159},
month = may
}

@article{Naylor:2016cu,
author = {Naylor, C E and Bagneris, C and DeCaen, P G and Sula, A and Scaglione, A and Clapham, D E and Wallace, B A},
title = {{Molecular basis of ion permeability in a voltage-gated sodium channel}},
journal = {The EMBO Journal},
year = {2016},
pages = {e201593285},
month = feb
}

@article{Ke:2013ub,
author = {Ke, Song and Zangerl, Eva-Maria and Stary-Weinzinger, Anna},
title = {{Distinct interactions of Na+ and Ca2+ ions with the selectivity filter of the bacterial sodium channel Na$_{V}$Ab}},
journal = {Biochem. Biophys. Res. Commun.},
year = {2013},
volume = {430},
pages = {1272--1276}
}

@article{Cuello:2010gi,
author = {Cuello, Luis G and Jogini, Vishwanath and Cortes, D Marien and Perozo, Eduardo},
title = {{Structural mechanism of C-type inactivation in K}},
journal = {Nature},
year = {2010},
volume = {466},
number = {7303},
pages = {203--208},
month = aug
}

@article{Bagneris:2014eh,
author = {Bagneris, C and Naylor, C E and McCusker, E C and Wallace, B A},
title = {{Structural model of the open-closed-inactivated cycle of prokaryotic voltage-gated sodium channels}},
journal = {J. Gen. Physiol.},
year = {2014},
volume = {145},
number = {1},
pages = {5--16},
month = dec
}

@article{Zhang:2013vc,
author = {Zhang, Xu and Xia, Mengdie and Li, Yang and Liu, Huihui and Jiang, Xin and Ren, Wenlin and Wu, Jianping and DeCaen, Paul and Yu, Feng and Huang, Sheng and He, Jianhua and Clapham, David E and Yan, Nieng and Gong, Haipeng},
title = {{Analysis of the selectivity filter of the voltage-gated sodium channel NavRh}},
journal = {Cell Research},
year = {2013},
volume = {23},
number = {3},
pages = {409--422},
month = dec
}

@book{Zuckerman:2010ue,
author = {Zuckerman, Daniel M},
title = {{Statistical Physics of Biomolecules}},
publisher = {CRC Press},
year = {2010},
series = {An Introduction},
month = jun
}

@article{Furini:2014gv,
author = {Furini, Simone and Barbini, Paolo and Domene, Carmen},
title = {{Effects of the Protonation State of the EEEE Motif of a Bacterial Na+-channel on Conduction and Pore Structure}},
journal = {Biophys. J.},
year = {2014},
volume = {106},
number = {10},
pages = {2175--2183},
month = may
}

@article{Jefferys:2015jt,
author = {Jefferys, Elizabeth and Sands, Zara A and Shi, Jiye and Sansom, Mark S P and Fowler, Philip W},
title = {{Alchembed: A Computational Method for Incorporating Multiple Proteins into Complex Lipid Geometries}},
journal = {J. Chem. Theory Comput.},
year = {2015},
volume = {11},
number = {6},
pages = {2743--2754},
month = jun
}

@article{Wang:2014jp,
author = {Wang, Yibo and Chamberlin, Adam C and Noskov, Sergei Yu},
title = {{Molecular Strategies to Achieve Selective Conductance in NaK Channel Variants}},
journal = {J. Phys. Chem. B},
year = {2014},
pages = {140218144551006},
month = feb
}

@article{Dudev:2012ut,
author = {Dudev, Todor and Lim, Carmay},
title = {{Why voltage-gated Ca2+ and bacterial Na+ channels with the same EEEE motif in their selectivity filters confer opposite metal selectivity}},
journal = {Phys. Chem. Chem. Phys.},
year = {2012},
volume = {14},
number = {36},
pages = {12451--12456}
}

@article{Isacoff:2013kk,
author = {Isacoff, Ehud Y and Jan, Lily Y and Minor, Daniel L},
title = {{Conduits of life's spark: a perspective on ion channel research since the birth of neuron.}},
journal = {Neuron},
year = {2013},
volume = {80},
number = {3},
pages = {658--674},
month = oct
}

@article{Alam:2009bu,
author = {Alam, Amer and Jiang, Youxing},
title = {{Structural analysis of ion selectivity in the NaK channel}},
journal = {Nat. Struct. Mol. Biol.},
year = {2009},
volume = {16},
number = {1},
pages = {35--41}
}

@article{Jiang:2002fx,
author = {Jiang, Youxing and Lee, Alice and Chen, Jiayun and Cadene, Martine and Chait, Brian T and Mackinnon, Roderick},
title = {{The open pore conformation of potassium channels}},
journal = {Nature},
year = {2002},
volume = {417},
number = {6888},
pages = {523--526},
month = may
}

@article{Hartshorne:1985tk,
author = {Hartshorne, R P and Keller, B U and Talvenheimo, J A and Catterall, W A and Montal, M},
title = {{Functional reconstitution of the purified brain sodium channel in planar lipid bilayers.}},
journal = {Proc. Natl. Acad. Sci. U. S. A.},
year = {1985},
volume = {82},
number = {1},
pages = {240--244},
month = jan
}

@article{Jensen:2010fd,
author = {Jensen, M O and Borhani, D W and Lindorff-Larsen, K and Maragakis, P and Jogini, V and Eastwood, M P and Dror, R O and Shaw, D E},
title = {{Principles of conduction and hydrophobic gating in K+ channels}},
journal = {Proc. Natl. Acad. Sci. U. S. A.},
year = {2010},
volume = {107},
number = {13},
pages = {5833--5838},
month = mar
}

@article{LindorffLarsen:2012gl,
author = {Lindorff-Larsen, Kresten and Maragakis, Paul and Piana, Stefano and Eastwood, Michael P and Dror, Ron O. and Shaw, David E.},
title = {{Systematic Validation of Protein Force Fields against Experimental Data}},
journal = {PLos One},
year = {2012},
volume = {7},
number = {2},
pages = {e32131},
month = feb
}

@article{Bezanilla:2008ht,
author = {Bezanilla, Francisco},
title = {{How membrane proteins sense voltage}},
journal = {Nature Reviews Molecular Cell Biology},
year = {2008},
volume = {9},
number = {4},
pages = {323--332},
month = apr
}

@article{Ellinor:1995ky,
author = {Ellinor, Patrick T and Yang, Jian and Sather, William A and Zhang, Ji-Fang and Tsien, Richard W},
title = {{Ca2+ channel selectivity at a single locus for high-affinity Ca2+ interactions}},
journal = {Neuron},
year = {1995},
volume = {15},
number = {5},
pages = {1121--1132},
month = nov
}

@incollection{Oakes:2016gz,
author = {Oakes, V and Furini, S and Domene, C},
title = {{Voltage-Gated Sodium Channels: Mechanistic Insights From Atomistic Molecular Dynamics Simulations.}},
booktitle = {Current Topics in Membranes},
year = {2016},
pages = {183--214},
organization = {King's College London, London, United Kingdom.},
publisher = {Elsevier}
}

@article{Yu:2004ep,
author = {Yu, F H and Catterall, W A},
title = {{The VGL-Chanome: A Protein Superfamily Specialized for Electrical Signaling and Ionic Homeostasis}},
journal = {Science Signaling},
year = {2004},
volume = {2004},
number = {253},
pages = {re15--re15},
month = oct
}

@article{Cloues:2000jz,
author = {Cloues, Robin K and Cibulsky, Susan M and Sather, William A},
title = {{Ion Interactions in the High-affinity Binding Locus of a Voltage-gated Ca2+ Channel}},
journal = {J. Gen. Physiol.},
year = {2000},
volume = {116},
number = {4},
pages = {569--586},
month = sep
}

@article{Noda:1986jn,
author = {Noda, M and Ikeda, T and Kayano, T and Suzuki, H and Takeshima, H and Kurasaki, M and Takahashi, H and Numa, S},
title = {{Existence of distinct sodium channel messenger RNAs in rat brain.}},
journal = {Nature},
year = {1986},
volume = {320},
number = {6058},
pages = {188--192},
month = mar
}

@book{Eisenman:1973tz,
author = {Eisenman, G and Krasne, S},
title = {{Further considerations on the ion selectivity of carrier molecules and membranes}},
publisher = {IV International Biophysics Congress Symposium on {\ldots}},
year = {1973}
}

@article{Furini:2013kc,
author = {Furini, Simone and Domene, Carmen},
title = {{K+ and Na+ Conduction in Selective and Nonselective Ion Channels Via Molecular Dynamics Simulations}},
journal = {Biophys. J.},
year = {2013},
volume = {105},
number = {8},
pages = {1737--1745},
month = oct
}

@article{GurBarzilai:2012kh,
author = {Gur Barzilai, Maya and Reitzel, Adam M and Kraus, Johanna E M and Gordon, Dalia and Technau, Ulrich and Gurevitz, Michael and Moran, Yehu},
title = {{Convergent evolution of sodium ion selectivity in metazoan neuronal signaling.}},
journal = {Cell Rep},
year = {2012},
volume = {2},
number = {2},
pages = {242--248},
month = aug
}

@article{Gascuel:1997ua,
author = {Gascuel, O},
title = {{BIONJ: an improved version of the NJ algorithm based on a simple model of sequence data.}},
journal = {Molecular Biology and Evolution},
year = {1997}
}

@article{Pronk:2013ef,
author = {Pronk, S and Pall, S and Schulz, R and Larsson, P and Bjelkmar, P and Apostolov, R and Shirts, M R and Smith, J C and Kasson, P M and van der Spoel, D and Hess, B and Lindahl, E},
title = {{GROMACS 4.5: a high-throughput and highly parallel open source molecular simulation toolkit}},
journal = {Bioinformatics},
year = {2013},
volume = {29},
number = {7},
pages = {845--854},
month = mar
}

@article{Huang:2013ft,
author = {Huang, Jing and MacKerell Jr., Alexander D},
title = {{CHARMM36 all-atom additive protein force field: Validation based on comparison to NMR data}},
journal = {J. Comp. Chem.},
year = {2013},
volume = {34},
number = {25},
pages = {2135--2145},
month = jul
}

@article{Jorgensen:1996vx,
author = {Jorgensen, W L and Maxwell, D S and Tirado-Rives, J},
title = {{Development and testing of the OPLS all-atom force field on conformational energetics and properties of organic liquids}},
journal = {J. Am. Chem. Soc.},
year = {1996},
volume = {118},
number = {45},
pages = {11225--11236}
}

@article{Ahuja:2015co,
author = {Ahuja, Shivani and Mukund, Susmith and Deng, Lunbin and Khakh, Kuldip and Chang, Elaine and Ho, Hoangdung and Shriver, Stephanie and Young, Clint and Lin, Sophia and Johnson, J P and Wu, Ping and Li, Jun and Coons, Mary and Tam, Christine and Brillantes, Bobby and Sampang, Honorio and Mortara, Kyle and Bowman, Krista K and Clark, Kevin R and Estevez, Alberto and Xie, Zhiwei and Verschoof, Henry and Grimwood, Michael and Dehnhardt, Christoph and Andrez, Jean-Christophe and Focken, Thilo and Sutherlin, Daniel P and Safina, Brian S and Starovasnik, Melissa A and Ortwine, Daniel F and Franke, Yvonne and Cohen, Charles J and Hackos, David H and Koth, Christopher M and Payandeh, Jian},
title = {{Structural basis of Nav1.7 inhibition by an isoform-selective small-molecule antagonist.}},
journal = {Science},
year = {2015},
volume = {350},
number = {6267},
pages = {aac5464--aac5464},
month = dec
}

@article{Weiss:2016ie,
author = {Weiss, Madeline C and Sousa, Filipa L and Mrnjavac, Natalia and Neukirchen, Sinje and Roettger, Mayo and Nelson-Sathi, Shijulal and Martin, William F},
title = {{The physiology and habitat of the last universal common ancestor.}},
journal = {Nat Microbiol},
year = {2016},
volume = {1},
number = {9},
pages = {16116},
month = jul
}

@article{Eijkelkamp:2012ga,
author = {Eijkelkamp, N and Linley, J E and Baker, M D and Minett, M S and Cregg, R and Werdehausen, R and Rugiero, F and Wood, J N},
title = {{Neurological perspectives on voltage-gated sodium channels}},
journal = {Brain},
year = {2012},
volume = {135},
number = {9},
pages = {2585--2612},
month = sep
}

@article{Catterall:2015jw,
author = {Catterall, William A},
title = {{Finding Channels}},
journal = {J. Biol. Chem.},
year = {2015},
pages = {jbc.X115.683383},
month = oct
}

@article{Kaminski:2001eq,
author = {Kaminski, George A and Friesner, Richard A and Tirado-Rives, Julian and Jorgensen, William L},
title = {{Evaluation and Reparametrization of the OPLS-AA Force Field for Proteins via Comparison with Accurate Quantum Chemical Calculations on Peptides}},
journal = {J. Phys. Chem. B},
year = {2001},
volume = {105},
number = {28},
pages = {6474--6487},
month = jul
}

@article{Powl:2010ke,
author = {Powl, Andrew M and O{\textquoteright}Reilly, Andrias O and Miles, Andrew J and Wallace, B A},
title = {{Synchrotron radiation circular dichroism spectroscopy-defined structure of the C-terminal domain of NaChBac and its role in channel assembly.}},
journal = {Proc. Natl. Acad. Sci. U. S. A.},
year = {2010},
volume = {107},
number = {32},
pages = {14064--14069},
month = aug
}

@article{Raju:2013eg,
author = {Raju, S G and Barber, Annika F and LeBard, David N and Klein, Michael L and Carnevale, Vincenzo},
title = {{Exploring Volatile General Anesthetic Binding to a Closed Membrane-Bound Bacterial Voltage-Gated Sodium Channel via Computation}},
journal = {PLoS Comput Biol},
year = {2013},
volume = {9},
number = {6},
pages = {e1003090},
month = jun
}

@article{Eisenman:1962dy,
author = {Eisenman, George},
title = {{Cation Selective Glass Electrodes and their Mode of Operation}},
journal = {Biophys. J.},
year = {1962},
volume = {2},
number = {2},
pages = {259--323},
month = mar
}

@article{Sumikama:2016kb,
author = {Sumikama, Takashi and Oiki, Shigetoshi},
title = {{Digitalized K +Occupancy in the Nanocavity Holds and Releases Queues of K +in a Channel}},
journal = {J. Am. Chem. Soc.},
year = {2016},
volume = {138},
number = {32},
pages = {10284--10292},
month = aug
}

@article{Sauer:2013gk,
author = {Sauer, David B and Zeng, Weizhong and Canty, John and Lam, Yeeling and Jiang, Youxing},
title = {{Sodium and potassium competition in potassium-selective and non-selective channels}},
journal = {Nat. Commun.},
year = {2013},
volume = {4},
number = {2721},
pages = {1--9}
}

%% Created using Papers on Mon, 25 Jun 2018.
%% http://papersapp.com/papers/

@article{Cooper:1988gh,
author = {Cooper, K E and Gates, P Y and Eisenberg, R S},
title = {{Diffusion theory and discrete rate constants in ion permeation}},
journal = {J. Membrane Biol.},
year = {1988},
volume = {106},
number = {2},
pages = {95--105},
month = dec
}

@article{Starace:2004ea,
author = {Starace, Dorine M and Bezanilla, Francisco},
title = {{A proton pore in a potassium channel voltage sensor reveals a focused electric field}},
journal = {Nature},
year = {2004},
volume = {427},
number = {6974},
pages = {548--553},
month = feb
}

@article{Vicart:2004jh,
author = {Vicart, S and Sternberg, D and Fournier, E and Ochsner, F and Laforet, P and Kuntzer, T and Eymard, B and Hainque, B and Fontaine, B},
title = {{New mutations of SCN4A cause a potassium-sensitive normokalemic periodic paralysis}},
journal = {Neurology},
year = {2004},
volume = {63},
number = {11},
pages = {2120--2127},
month = dec
}

@article{Sokolov:2005ec,
author = {Sokolov, Stanislav and Scheuer, Todd and Catterall, William A},
title = {{Ion Permeation through a Voltage- Sensitive Gating Pore in Brain Sodium Channels Having Voltage Sensor Mutations}},
journal = {Neuron},
year = {2005},
volume = {47},
number = {2},
pages = {183--189},
month = jul
}

@article{Catterall:2005iw,
author = {Catterall, W A},
title = {{International Union of Pharmacology. XLVII. Nomenclature and Structure-Function Relationships of Voltage-Gated Sodium Channels}},
journal = {Pharmacological Reviews},
year = {2005},
volume = {57},
number = {4},
pages = {397--409},
month = dec
}

@article{Venance:2006fc,
author = {Venance, S L and Cannon, S C and Fialho, D and Fontaine, B and Hanna, M G and Ptacek, L J and Tristani-Firouzi, M and Tawil, R and Griggs, R C and {CINCH investigators}},
title = {{The primary periodic paralyses: diagnosis, pathogenesis and treatment.}},
journal = {Brain},
year = {2006},
volume = {129},
number = {Pt 1},
pages = {8--17},
month = jan
}

@article{Sokolov:2007iu,
author = {Sokolov, Stanislav and Scheuer, Todd and Catterall, William A},
title = {{Gating pore current in an inherited ion channelopathy}},
journal = {Nature},
year = {2007},
volume = {446},
number = {7131},
pages = {76--78},
month = mar
}

@article{Struyk:2007jp,
author = {Struyk, Arie F and Cannon, Stephen C},
title = {{A Na +Channel Mutation Linked to Hypokalemic Periodic Paralysis Exposes a Proton-selective Gating Pore}},
journal = {J. Gen. Physiol.},
year = {2007},
volume = {130},
number = {1},
pages = {11--20},
month = jun
}

@article{Sokolov:2008dv,
author = {Sokolov, S and Scheuer, T and Catterall, W A},
title = {{Depolarization-activated gating pore current conducted by mutant sodium channels in potassium-sensitive normokalemic periodic paralysis}},
journal = {Proc. Natl. Acad. Sci. U. S. A.},
year = {2008},
volume = {105},
number = {50},
pages = {19980--19985},
month = dec
}

@article{Sokolov:2010ii,
author = {Sokolov, Stanislav and Scheuer, Todd and Catterall, William A},
title = {{Ion permeation and block of the gating pore in the voltage sensor of Na V1.4 channels with hypokalemic periodic paralysis mutations}},
journal = {J. Gen. Physiol.},
year = {2010},
volume = {136},
number = {2},
pages = {225--236},
month = jul
}

@article{Catterall:2010kra,
author = {Catterall, William A},
title = {{Ion Channel Voltage Sensors: Structure, Function, and Pathophysiology}},
journal = {Neuron},
year = {2010},
volume = {67},
number = {6},
pages = {915--928},
month = sep
}

@article{Wu:2011il,
author = {Wu, Fenfen and Mi, Wentao and Burns, Dennis K and Fu, Yu and Gray, Hillery F and Struyk, Arie F and Cannon, Stephen C},
title = {{A sodium channel knockin mutant (NaV1.4-R669H) mouse model of hypokalemic periodic paralysis}},
journal = {J Clin Invest},
year = {2011},
volume = {121},
number = {10},
pages = {4082--4094},
month = oct
}

@article{JurkatRott:2012kv,
author = {Jurkat-Rott, Karin and Groome, James and Lehmann-Horn, Frank},
title = {{Pathophysiological Role of Omega Pore Current in Channelopathies}},
journal = {Front Pharmacol},
year = {2012},
volume = {3}
}

@article{YarovYarovoy:2012et,
author = {Yarov-Yarovoy, V and DeCaen, P G and Westenbroek, R E and Pan, C Y and Scheuer, T and Baker, D. and Catterall, W A},
title = {{Structural basis for gating charge movement in the voltage sensor of a sodium channel}},
journal = {Proc. Natl. Acad. Sci. U. S. A.},
year = {2012},
volume = {109},
number = {2},
pages = {E93--E102},
month = jan
}

@article{Payandeh:2012ex,
author = {Payandeh, Jian and Gamal El-Din, Tamer M and Scheuer, Todd and Zheng, Ning and Catterall, William A},
title = {{Crystal structure of a voltage-gated sodium channel in two potentially inactivated states}},
journal = {Nature},
year = {2012},
volume = {486},
number = {7401},
pages = {135--139},
month = may
}

@article{GosselinBadaroudine:2012eh,
author = {Gosselin-Badaroudine, P and Delemotte, L and Moreau, A and Klein, M L and Chahine, M},
title = {{Gating pore currents and the resting state of Nav1.4 voltage sensor domains}},
journal = {Proc. Natl. Acad. Sci. U. S. A.},
year = {2012},
volume = {109},
number = {47},
pages = {19250--19255},
month = nov
}

@article{Wu:2012fj,
author = {Wu, Fenfen and Mi, Wentao and Hern{\'a}ndez-Ochoa, Erick O and Burns, Dennis K and Fu, Yu and Gray, Hillery F and Struyk, Arie F and Schneider, Martin F and Cannon, Stephen C},
title = {{A calcium channel mutant mouse model of hypokalemic periodic paralysis}},
journal = {J Clin Invest},
year = {2012},
volume = {122},
number = {12},
pages = {4580--4591},
month = nov
}

@article{Wu:2012fja,
author = {Wu, Fenfen and Mi, Wentao and Hern{\'a}ndez-Ochoa, Erick O and Burns, Dennis K and Fu, Yu and Gray, Hillery F and Struyk, Arie F and Schneider, Martin F and Cannon, Stephen C},
title = {{A calcium channel mutant mouse model of hypokalemic periodic paralysis}},
journal = {J Clin Invest},
year = {2012},
volume = {122},
number = {12},
pages = {4580--4591},
month = nov
}

@article{Vargas:2012eka,
author = {Vargas, Ernesto and Yarov-Yarovoy, Vladimir and Khalili-Araghi, Fatemeh and Catterall, William A and Klein, Michael L and Tarek, Mounir and Lindahl, Erik and Schulten, Klaus and Perozo, Eduardo and Bezanilla, Francisco and Roux, Benoit},
title = {{An emerging consensus on voltage-dependent gating from computational modeling and molecular dynamics simulations}},
journal = {J. Gen. Physiol.},
year = {2012},
volume = {140},
number = {6},
pages = {587--594},
month = nov
}

@article{Chakrabarti:2013dm,
author = {Chakrabarti, N and Ing, C and Payandeh, J and Zheng, N and Catterall, W A and Pom{\`e}s, R},
title = {{Catalysis of Na+ permeation in the bacterial sodium channel NaVAb}},
journal = {Proc. Natl. Acad. Sci. U. S. A.},
year = {2013},
volume = {110},
number = {28},
pages = {11331--11336},
month = jul
}

@article{Moreau:2014jy,
author = {Moreau, Adrien and Gosselin-Badaroudine, Pascal and Chahine, Mohamed},
title = {{Biophysics, pathophysiology, and pharmacology of ion channel gating pores}},
journal = {Front Pharmacol},
year = {2014},
volume = {5},
number = {112},
pages = {223},
month = apr
}

@article{GamalElDin:2014gu,
author = {Gamal El-Din, Tamer M and Scheuer, Todd and Catterall, William A},
title = {{Tracking S4 movement by gating pore currents in the bacterial sodium channel NaChBac}},
journal = {J. Gen. Physiol.},
year = {2014},
volume = {144},
number = {2},
pages = {147--157},
month = jul
}

@article{Catterall:2015dha,
author = {Catterall, William A and Zheng, Ning},
title = {{Deciphering voltage-gated Na+ and Ca2+ channels by studying prokaryotic ancestors}},
journal = {Trends in Biochemical Sciences},
year = {2015},
volume = {40},
number = {9},
pages = {526--534},
month = sep
}

@article{Moreau:2015je,
author = {Moreau, Adrien and Gosselin-Badaroudine, Pascal and Boutjdir, Mohamed and Chahine, Mohamed},
title = {{Mutations in the Voltage Sensors of Domains I and II of Nav1.5 that are Associated with Arrhythmias and Dilated Cardiomyopathy Generate Gating Pore Currents}},
journal = {Front Pharmacol},
year = {2015},
volume = {6},
number = {e38331},
pages = {223},
month = dec
}

@article{Shen:2017dfa,
author = {Shen, Huaizong and Zhou, Qiang and Pan, Xiaojing and Li, Zhangqiang and Wu, Jianping and Yan, Nieng},
title = {{Structure of a eukaryotic voltage-gated sodium channel at near-atomic resolution}},
journal = {Science},
year = {2017},
volume = {355},
number = {6328},
pages = {eaal4326},
month = mar
}

@article{Shen:2017df,
author = {Shen, Huaizong and Zhou, Qiang and Pan, Xiaojing and Li, Zhangqiang and Wu, Jianping and Yan, Nieng},
title = {{Structure of a eukaryotic voltage-gated sodium channel at near-atomic resolution}},
journal = {Science},
year = {2017},
volume = {355},
number = {6328},
pages = {eaal4326},
month = mar
}

@article{Catterall:2017if,
author = {Catterall, William A and Wisedchaisri, Goragot and Zheng, Ning},
title = {{The chemical basis for electrical signaling}},
journal = {Nat. Chem. Biol.},
year = {2017},
volume = {13},
number = {5},
pages = {455--463},
month = apr
}

@article{Yan:2017kda,
author = {Yan, Zhen and Zhou, Qiang and Wang, Lin and Wu, Jianping and Zhao, Yanyu and Huang, Gaoxingyu and Peng, Wei and Shen, Huaizong and Lei, Jianlin and Yan, Nieng},
title = {{Structure of the Na v 1.4-$\beta$1 Complex from Electric Eel}},
journal = {Cell},
year = {2017},
volume = {170},
number = {3},
pages = {470--482.e11},
month = jul
}

@article{Monteleone:2017gj,
author = {Monteleone, Stefania and Lieb, Andreas and Pinggera, Alexandra and Negro, Giulia and Fuchs, Julian E and Hofer, Florian and Striessnig, J{\"o}rg and Tuluc, Petronel and Liedl, Klaus R},
title = {{Mechanisms Responsible for $\omega$ -Pore Currents in Ca v Calcium Channel Voltage-Sensing Domains}},
journal = {Biophys. J.},
year = {2017},
volume = {113},
number = {7},
pages = {1485--1495},
month = oct
}

@article{PMID:28939973,
author = {Cannon, Stephen C},
title = {{Sodium Channelopathies of Skeletal Muscle}},
journal = {Handb Exp Pharmacol},
year = {2018},
volume = {246},
pages = {309--330}
}

